1867 2925
121 122 125 133 ⁸
185 165 215 214 T.
229 163 315 214 mvn
333 157 385 214 Lu
400 157 604 218 xxijcur.
617 158 661 214 ss:
711 169 757 216 ios

88 311 133 358 que
142 297 304 359 ignoscendum
321 297 345 342 in
362 297 400 344 tuli
417 305 517 360 tempore
533 299 605 345 foret:
624 306 647 345 et
656 299 756 360 ipsorum

88 361 177 438 respiro,
191 363 209 408 si
223 377 280 422 quos
295 369 409 424 suspectos
424 371 495 410 ststus
505 377 604 425 praesens
615 363 758 410 rerumface-

88 433 129 480 ret,
142 428 252 488 prohiberi
259 428 342 488 potius,
355 442 383 474 ne
394 429 445 488 quid
455 428 529 474 moliri
535 429 629 490 possint,
638 443 704 489 quam
715 444 757 489 pu·
795 444 800 461 ¹

88 492 131 537 uiri
141 492 267 538 molientes.
303 490 382 552 Itaque
395 493 501 554 quosdam
512 508 537 539 se
547 494 570 538 in
581 491 682 539 custodiit
694 493 757 538 nabi-

89 563 171 610 turum,
188 557 261 603 donec
275 572 308 610 ea,
329 571 380 617 quae
397 557 472 611 instet,
493 564 613 623 tempestas
629 564 753 618 pretereat.

89 619 202 668 Hostilius
213 622 315 682 repulsis,
335 622 359 684 (a
373 622 457 682 quibus,
475 622 493 667 si
505 622 573 668 modo
583 622 678 683 proditio
688 622 758 667 intes-

88 685 134 731 tina
145 686 201 732 sutis
211 694 323 739 caveatur,
335 687 409 732 minus
423 687 514 748 periculi
525 684 585 746 esse)
594 686 707 748 extemplo
716 701 758 732 eos

88 748 251 796 emissurum.’'
281 751 326 796 Sub
334 751 383 797 haec
391 751 452 798 citari
464 753 554 797 nomina
564 751 680 814 octoginta
686 750 757 797 ferme

88 816 214 878 principum
221 815 347 876 Juventutis
355 817 423 878 jussit
429 833 437 874 ;
454 824 520 877 utque
531 831 577 868 eos,
590 824 615 862 ut
626 817 719 876 quisque
729 815 758 862 ad

88 889 171 928 nomen
185 879 335 941 responderat,
348 880 372 926 in
385 881 507 928 custodiam
520 881 622 927 tradidit:
641 889 708 926 nocte
721 881 757 926 in-

89 945 190 1004 sequenti
205 959 285 990 omnes
298 944 414 992 interiecti.
450 944 558 992 Ilotarum
569 945 649 992 deinde
659 945 756 1005 qnidam.¹

90 1005 123 1070 (lai
132 1011 240 1072 suntJum
251 1009 302 1055 inde
312 1011 432 1070 antiquitus
443 1010 563 1063 castellani,
573 1019 662 1072 agreste
671 1007 756 1071 genus)

88 1073 231 1135 tmnsfiigere
241 1073 338 1120 voluisse
351 1075 478 1128 insimulati,
496 1091 536 1136 per
548 1091 626 1121 omnes
639 1075 702 1121 vicos
717 1076 758 1120 snb

88 1138 217 1184 verberibus
229 1139 279 1190 acti,
291 1147 405 1185 necantur.
439 1139 495 1186 Hoc
504 1146 589 1186 terrore
599 1140 758 1201 obstupuerant

85 1202 238 1248 multitudinis
248 1202 316 1248 enimi
326 1205 353 1249 ab
365 1205 426 1250 omni
438 1212 520 1250 conatu
531 1219 641 1250 novorum
652 1205 757 1250 consilio-

87 1281 144 1312 rum.
182 1263 248 1312 Intra
258 1267 392 1314 munitiones
403 1270 478 1329 copies
485 1269 618 1321 continebat,
631 1283 673 1314 nec
680 1284 756 1329 parem

85 1346 112 1377 se
122 1338 193 1384 ratus,
207 1332 226 1376 sl
234 1331 337 1378 dimicare
347 1333 394 1378 acie
404 1333 485 1389 vellet3
502 1340 526 1378 et
536 1333 613 1378 urbem
624 1332 755 1391 relinquere,

86 1401 132 1442 tam
144 1395 261 1456 suspensis
271 1403 294 1441 ct
302 1396 391 1443 incertis
402 1398 502 1443 omniurn
512 1397 599 1449 animis,
611 1403 720 1442 metuens.

12 1510 13 1513 ,
101 1457 252 1507 »xxviii
274 1458 387 1514 Quintius
409 1464 462 1509 satis
478 1463 526 1524 jam
546 1462 647 1507 omndms
665 1463 754 1524 paratis,

85 1526 202 1588 profectus
221 1526 248 1571 ab
265 1526 357 1580 stativis,
373 1526 408 1573 die
425 1528 496 1573 altero
514 1527 542 1573 ud
559 1526 673 1573 Bellum
689 1542 756 1588 super

12 1584 13 1641 f
85 1591 194 1638 OEnuntn
211 1588 305 1637 fluvium
319 1592 437 1653 pervenit3
454 1606 499 1652 quo
514 1592 538 1637 in
552 1591 605 1637 loco
615 1590 754 1653 Antigonus,

85 1653 302 1713 Macedonum-rex,
316 1666 369 1701 cum
385 1652 515 1710 Cleomene,
532 1655 755 1703 Lacedaemoniorum

85 1726 192 1781 lynauno
212 1720 282 1781 signis
299 1718 384 1767 collatis
402 1719 518 1767 dimicdsse
535 1722 653 1767 dicebatur.
690 1720 754 1776 Inde,

12 1834 14 1841 ,
85 1800 138 1831 cum
149 1786 253 1831 audisset·
262 1784 392 1834 adscensum
409 1785 503 1832 difficilis
518 1793 541 1832 et
555 1793 623 1833 aretae
638 1787 681 1832 viae
697 1802 754 1839 esse,

84 1850 147 1897 brevi
165 1864 207 1913 per
223 1857 312 1896 montes
328 1851 420 1897 circuitu
439 1852 566 1911 praemissis,
587 1852 625 1911 qui
643 1851 756 1897 munirent

85 1915 152 1968 viam,
165 1914 212 1961 leto
225 1915 277 1961 satis
288 1921 311 1961 et
323 1916 407 1977 patenti
417 1916 488 1961 limite
498 1916 526 1961 ad
536 1914 646 1961 Eurotam
658 1930 754 1969 amnemt

83 1981 126 2026 sub
133 1980 190 2041 ipsis
196 1994 266 2041 prope
273 1979 379 2026 fluentem
387 1980 505 2034 moenlbus,
513 1982 625 2042 pervenit:
639 1980 676 2026 ubi
684 1988 757 2028 castra

85 2052 198 2091 metantes
206 2044 329 2098 Romanos,
341 2044 503 2105 Quintiumque
508 2046 581 2106 ipsum
588 2060 639 2091 eum
647 2046 757 2107 equitibus

86 2117 154 2169 atque
164 2110 273 2171 expeditis
281 2124 437 2171 praegressum,
449 2110 566 2157 auxiliares
576 2112 665 2171 tyranni
676 2110 755 2163 adorti,

85 2173 111 2219 iu
122 2181 231 2221 tenorem
246 2190 272 2220 nc
289 2175 409 2221 tumultum
424 2175 573 2236 conjecemnt,
589 2176 644 2221 nihil
660 2176 705 2221 tale
715 2188 756 2219 ex-

87 2246 223 2299 spectantes,
241 2240 292 2299 quia
305 2254 370 2285 nemo
381 2240 416 2285 his
427 2239 505 2286 obvius
516 2246 565 2285 toto
580 2240 660 2285 itinere
674 2238 754 2290 sumt,

87 2316 116 2348 ec
125 2304 195 2350 veluti
207 2311 285 2364 pacato
299 2318 355 2365 agro
366 2304 506 2350 transierant.
541 2303 684 2364 Aliquamdiu
694 2302 756 2363 pedi-

12 2418 13 2439 }
87 2367 148 2415 tibus
157 2368 251 2427 equites,
265 2368 374 2427 equitibus
386 2368 472 2429 pedites
485 2369 622 2421 vocantibus,
634 2382 686 2413 cum
696 2366 722 2410 in
732 2380 757 2413 se

86 2432 168 2492 eurique
175 2432 293 2478 niinimum
299 2432 386 2479 fiducias
392 2440 458 2486 esset,
467 2434 598 2494 trepidatum
607 2439 652 2477 est:
665 2430 756 2476 tandem

86 2496 154 2557 signs
162 2496 279 2557 logicum
294 2504 485 2559 supervenerunt3
501 2505 531 2551 et,
543 2512 594 2542 cum
605 2495 670 2556 primi
683 2495 756 2557 agmi-

85 2561 124 2606 nis
131 2562 235 2609 cohortes
242 2562 340 2609 inductae
348 2562 372 2607 in
382 2563 487 2624 proelium
497 2568 579 2613 essent,
589 2561 626 2620 qui
634 2559 702 2605 modo
710 2567 756 2606 tet-

84 2625 134 2671 rorl
151 2624 254 2681 luetone·
265 2627 405 2689 trepidantes
426 2628 449 2673 in
470 2628 547 2673 urbem
566 2624 675 2684 compulsi
693 2632 754 2671 sunt.

83 2688 265 2747 Remmium
282 2690 642 2748 uuumamuoreeossincnt,
657 2696 757 2740 utentia
835 2737 840 2739 .
