1867 2925
199 190 230 241 Τ.
245 188 334 239 LIVII
352 190 411 237 Lis·
420 188 521 240 XXXI.
541 188 601 240 car.
615 186 659 239 η’
734 196 768 241 48

96 324 170 369 rienes
188 338 280 383 quoque
297 323 349 368 exui
365 322 443 368 castris
457 320 590 383 potuissent,
608 322 644 368 die
656 337 697 385 per
710 338 772 386 proes

97 388 155 441 dum,
168 389 251 435 deinde
261 403 301 449 per
312 386 457 447 direptionem
469 396 594 433 castrorum
605 388 715 442 absumto,
731 390 773 435 sub

96 454 181 499 tumulo
196 454 220 497 in
236 450 340 513 proximis
354 452 445 513 planitie
460 452 568 504 consedit,
586 450 658 513 primii
672 453 723 499 luce
736 455 773 499 in·

96 520 208 578 aequentis
220 518 265 563 diei
276 518 364 562 bostem
373 532 528 577 aggressurus.
556 517 601 562 Sed
610 516 682 563 AEtoli
693 518 772 565 eodem

95 598 183 643 pavore,
207 598 255 641 quo
275 596 315 627 sue
334 588 406 627 castra
426 581 567 641 reliquerant,
585 588 652 627 nocte
670 581 773 643 proximis

95 648 187 709 dispersi
206 647 323 707 fugerunt.
359 646 463 692 Minimo
483 646 533 691 usui
555 645 597 691 fuit
616 648 771 707 Amynander,

93 728 138 773 quo
149 713 209 759 duce
220 712 370 763 Athamanes,
388 711 493 757 itinerum
508 710 581 771 periti,
599 712 692 757 summis
707 727 774 758 mon·

94 778 159 829 tibus,
173 792 215 839 per
229 776 298 822 calles
312 776 403 837 ignotos
418 776 562 835 sequentibus
575 790 614 822 eos
629 777 736 831 hostibus,
748 778 772 823 in

93 841 205 888 AEtoliam
222 841 382 902 perduxerunt.
417 839 474 886 Non
491 841 523 886 ita
537 840 620 887 multos
637 842 660 887 in
675 840 774 904 dispersi

94 905 149 969 fugi
165 923 230 952 error
244 905 321 951 intulit
337 906 360 950 in
377 904 530 951 Macedonum
545 906 637 965 equites,
654 922 712 967 quos
722 907 774 954 luce

95 972 165 1033 primi
176 971 304 1032 Philippus,
322 978 348 1017 ut
358 970 471 1016 desertum
482 969 593 1015 tumulum
605 970 667 1024 vidit,
685 971 714 1017 ad
723 986 774 1019 oar.

95 1037 194 1099 pendam
205 1036 306 1082 hostium
317 1050 399 1097 agmen
410 1036 479 1081 misit.

96 1100 229 1147 XLIII.
250 1099 295 1147 Per
307 1115 346 1145 eos
357 1100 403 1146 dies
414 1102 610 1177 etAtbenagoras,
629 1102 774 1165 reginprae·

95 1134 175 1219 lectus,
196 1166 320 1212 Dardanos
330 1166 460 1227 recipientes
472 1181 497 1211 se
506 1166 530 1211 in
540 1166 597 1213 fines
607 1168 707 1230 adeptus,
719 1184 774 1230 pos·

95 1240 194 1278 tremum
206 1245 289 1293 agemon
300 1231 373 1305 primo
385 1231 494 1277 turbavit.
512 1230 570 1285 dein,
582 1240 699 1293 postquam
710 1232 774 1281 Dar·
852 1276 862 1289 ,

96 1296 147 1343 dani
167 1296 285 1342 conversis
305 1296 376 1357 signis
395 1294 496 1341 direxere
514 1296 592 1350 aciem,
615 1312 680 1357 aequa
696 1312 774 1360 pugna

92 1364 155 1437 justo
169 1354 253 1423 proelio
266 1367 327 1407 erat.
348 1361 383 1406 ubi
395 1376 472 1407 rursus
482 1360 602 1422 procedere
612 1361 714 1408 Dardani
726 1376 773 1408 coe-

96 1427 189 1489 pissent,
208 1426 284 1487 equite
304 1432 326 1472 et
344 1425 388 1472 levi
407 1423 519 1473 armaturd
537 1425 600 1488 regii,
618 1427 704 1473 nullum
723 1426 774 1474 talis

96 1493 172 1539 auxilii
190 1507 266 1553 genus
282 1493 388 1538 habentes
405 1491 533 1545 Dardanos,
551 1500 655 1538 oneratos
670 1493 774 1539 immobi-

97 1558 154 1604 libus
165 1557 243 1610 armis,
256 1557 380 1603 vexabant:
399 1565 422 1602 et
432 1557 484 1602 loca
493 1557 541 1618 ipsa
551 1557 690 1619 adjuvabant.
726 1556 774 1605 Oc-

97 1623 136 1669 εἰεί
144 1621 253 1685 perpauci
264 1629 323 1675 sunt,
335 1621 410 1684 plures
417 1622 535 1675 vulnerati,
547 1631 625 1684 captus
635 1638 709 1676 nemo,
721 1623 775 1683 quis

98 1703 144 1734 non
155 1688 270 1734 excedunt
282 1695 365 1733 temere
376 1687 489 1733 ordinibus
500 1687 554 1739 suis,
572 1687 611 1733 sed
621 1686 739 1735 confertim
750 1695 774 1734 et

98 1760 210 1815 pugnant,
233 1759 256 1798 et
275 1752 364 1797 cedunt.
400 1750 437 1798 Ita
456 1751 538 1799 damna
555 1752 661 1799 Romano
682 1761 774 1814 accepta

99 1818 164 1870 bello,
185 1818 270 1864 duabus
286 1833 326 1878 per
345 1825 482 1878 opportunas
500 1817 652 1878 expeditiones
671 1817 774 1864 cobreitis

98 1883 211 1944 gentibus,
236 1883 363 1928 restituerat
385 1880 508 1944 Philippus,
532 1882 623 1944 incepto
643 1882 703 1936 lorti,
727 1897 774 1929 non

98 1948 296 2059 1ξιιιίιιερεειοιιιιιίιιιιιι
311 1954 402 2058 eAEvetp’qu.
437 1947 525 1993 Minuit
539 1947 619 1994 deinde
618 1948 662 2061 Sldo
661 1947 720 1996 forte
734 1950 778 2025 qb¹¹

155 2028 191 2058 res
219 2021 302 2059 ostrum
380 2028 444 2058 orum
455 2027 582 2059 numerum.
662 2028 775 2076 pasprm·

98 2077 609 2204 {Philithffllttmtfftht
617 2079 775 2206 Pihiidll

100 2207 186 2268 equites
197 2209 300 2254 mercede
311 2207 433 2254 conductos
444 2209 574 2271 AEgyptum
584 2209 673 2255 avexit:
692 2222 775 2270 nee-ex

95 2273 218 2334 juventute
232 2273 363 2319 AEtolorrrm
378 2288 513 2334 quemquam
532 2273 663 2332 reliquisset,
681 2273 705 2317 ni
723 2271 774 2318 Da-

100 2339 216 2391 mocritus,
235 2353 295 2384 nunc
309 2338 360 2384 belli
375 2340 436 2399 quod
450 2339 550 2391 instaret,
568 2354 628 2384 nunc
643 2337 726 2383 futurae
737 2351 775 2383 so-

98 2402 207 2456 itudnis,
232 2403 362 2456 adrnonens,
388 2405 509 2466 (incertam
525 2419 579 2449 cura
597 2402 679 2465 gentis,
700 2417 730 2449 aa
750 2411 775 2448 ut

100 2469 258 2515 adversaretur
274 2470 362 2530 Scopae,
380 2483 458 2530 parum
470 2469 536 2514 donis
546 2465 632 2524 cultus)
643 2469 745 2526 partem'
735 2482 777 2528 Ju-

98 2534 189 2580 niorum
201 2534 331 2596 castigando
340 2533 401 2579 domi
409 2535 563 2579 continuisset.
593 2528 777 2577 Haeoedaestate

98 2599 127 2645 ab
138 2598 252 2646 Romanis
263 2597 411 2660 Philippoque
422 2605 488 2676 gesta
497 2602 569 2643 erant·

133 2661 229 2709 XLIV
246 2661 331 2712 Classis
342 2679 356 2710 a
338 2615 471 2722 Corcyrd
481 2660 581 2722 ejusdem
591 2655 700 2732 principio
711 2661 779 2700 testa-

98 2728 129 2776 tis
142 2743 198 2776 erun
213 2727 243 2776 L.
257 2727 355 2793 Apustio
365 2728 442 2791 legato
453 2724 560 2789 proiectu,
578 2717 657 2768 Msslffl
667 2713 787 2779 ΒΜ
824 2737 917 2836 ,Ι
