1867 2925
180 134 209 183 T.
222 134 310 185 LIVll
325 136 378 186 Lu.
392 136 530 187 mvn.
549 136 608 189 Cur.
623 142 662 187 29.
708 140 756 185 sal-

92 258 224 312 notandum
238 267 296 313 inter
309 282 334 314 se
347 268 379 314 ita
392 268 501 315 clauditur
515 276 600 331 portus,
617 276 642 315 ut
657 267 695 315 vix
706 267 757 313 duos

92 329 160 375 simul
178 330 230 375 inde
248 346 316 378 naves
336 332 423 393 possint
443 333 511 379 exire.
552 332 629 379 Nocte
649 346 757 393 occupare

91 391 169 439 leuues
184 392 333 455 Polyxenidas
349 397 372 441 in
386 396 461 443 animo
477 398 574 450 habebat
592 404 622 448 et,
639 396 701 443 denis
713 411 756 457 na-

90 458 159 503 vibus
168 458 196 504 ad
202 461 352 519 promontoria
362 461 477 514 stantibus,
489 476 539 521 quse
549 462 579 507 ab
586 468 680 520 utroque
687 474 757 506 cornu

91 522 118 566 in
137 521 205 569 latete
221 525 350 570 exeuntium
368 525 460 571 navium
478 532 609 587 pugnarent.
629 539 658 570 ex
677 522 758 569 caeteri

93 585 172 639 classe,
189 586 245 633 sicut
260 588 288 633 ad
302 586 439 635 Panormum
452 588 542 643 fecerat,
560 589 648 637 umsu's
659 588 757 633 inlitora

93 650 209 710 expositis,
234 649 294 697 terrd
314 652 412 712 marique
433 653 499 700 simul
520 655 595 701 hostes
616 653 754 714 opprimere:

91 713 154 775 quod
168 729 214 760 non
227 730 310 761 vanum
324 717 345 762 ei
359 717 476 763 conissium
489 717 581 770 fuisset,-
592 716 622 771 ni,
640 732 691 763 oum
706 714 759 767 Teii

91 776 193 825 tacturos
214 794 238 825 se
258 781 364 841 imperata
383 781 543 842 promisissent,
566 780 595 829 sd
619 780 758 842 accipiendos

92 850 232 889 commeatus
241 845 313 905 aptius
323 845 396 891 visum
406 853 466 893 esset
475 845 593 899 Romanis,
610 845 633 891 in
644 859 694 891 eum
706 860 758 905 por·

91 914 150 959 tum,
168 907 206 966 qui
219 915 272 954 sote
284 910 360 958 urbem
370 916 412 962 est,
429 910 521 961 classem
532 909 631 957 transire.
666 907 758 955 Dicitur

91 978 116 1017 et
132 970 249 1017 Eudamus
264 972 367 1020 Rhodius
381 974 460 1021 visum
479 974 568 1023 alterius
586 972 664 1035 portds
682 979 758 1019 osten·
792 1020 796 1039 Χ

92 1036 159 1088 disse,
177 1050 229 1081 eum
242 1035 301 1083 torte
310 1037 360 1084 duae
370 1052 439 1085 naves
452 1039 477 1084 in
491 1046 552 1085 arcto
566 1038 624 1085 ostio
639 1037 757 1098 implicitos

92 1114 169 1146 remos
178 1098 309 1161 fregissent:
327 1110 351 1147 et
361 1102 419 1148 inter
428 1103 471 1149 alis
480 1103 503 1148 id
513 1118 601 1164 quoque
615 1102 686 1150 mouit
698 1115 758 1162 prae·

92 1172 174 1216 torem,
187 1171 212 1209 ut
220 1165 342 1212 traduceret
350 1166 450 1221 classem,
460 1168 520 1227 quod
530 1168 557 1213 sb
568 1164 626 1213 tend
635 1166 758 1228 perieulum

91 1235 148 1281 erat,
161 1228 220 1273 haud
229 1230 306 1291 procul
315 1230 368 1277 inde
378 1230 491 1277 Antiocho
501 1232 582 1277 stativa
591 1231 690 1277 bubeme

126 1290 226 1340 XXIX.
244 1292 358 1340 Tradunt
374 1295 444 1341 classe
461 1296 490 1341 nd
507 1296 590 1347 urbem,
607 1294 691 1355 ignens
709 1308 758 1339 om·

90 1358 165 1409 nibus.
183 1358 267 1417 egressi
280 1358 364 1404 milites
381 1367 498 1419 nantesque
513 1358 606 1405 suntad
620 1363 758 1417 commestus¹

91 1429 115 1473 et
126 1422 205 1468 vinum
220 1421 317 1472 maxime
329 1421 470 1472 dividendum
485 1424 508 1469 in
523 1437 605 1479 naves;
622 1434 674 1469 eum
684 1420 759 1468 medio

90 1486 152 1538 forte
172 1486 215 1536 diei
232 1487 326 1548 agrestis
344 1488 439 1547 qudam,
459 1488 488 1535 ad
505 1494 623 1549 praetorem
641 1485 757 1538 adductus·

91 1550 191 1602 nuntiat,
204 1557 220 1578 ‘⁴
228 1551 321 1597 alterum
327 1552 375 1613 jam
385 1551 546 1611 diemelsssem
558 1558 616 1599 stare
624 1551 653 1597 ad
663 1549 759 1600 insulm

92 1615 194 1668 Macrim
210 1623 234 1660 et
249 1615 314 1676 poulo
324 1622 383 1672 ,ante
397 1617 456 1662 visas
471 1616 575 1677 quasdam
591 1615 684 1668 moneri,
700 1622 760 1661 tam··

93 1679 201 1741 quemad
211 1677 377 1740 profectionem,
388 1679 483 1727 naves.”
516 1681 553 1728 Re
564 1677 635 1728 subiti
644 1680 760 1742 perculsus

91 1751 178 1806 praetor
193 1743 301 1790 tubicines
315 1758 395 1791 canere
404 1745 476 1806 jubet
494 1752 526 1798 ot,
544 1745 617 1804 siqui
635 1759 674 1806 per
692 1756 760 1804 agros

92 1809 161 1871 palati
179 1815 260 1860 essent,
278 1808 386 1856 redirent:
404 1810 504 1854 tribunos
518 1810 542 1854 in
557 1810 633 1856 rubens
647 1808 715 1854 mittit
732 1803 760 1856 sd

94 1872 209 1934 cogendos
224 1871 305 1918 milites
320 1879 440 1932 nautasque
452 1872 476 1918 in
491 1887 566 1920 naves.
602 1871 672 1918 Haud
687 1885 758 1924 secus,

95 1952 162 1998 quam
177 1937 201 1982 in
216 1937 331 1998 repentino
344 1937 446 1984 incendio
460 1945 500 1984 aut
515 1933 578 1998 capti
591 1937 651 1989 urbe,
664 1934 759 1996 trepids7
797 1955 801 1962 ¹

95 2010 146 2059 tur;
163 2001 212 2046 aliis
226 2002 249 2046 in
265 2003 341 2048 urbem
355 2002 493 2050 currentibus
507 1999 535 2049 sd
549 2015 601 2047 suos
616 1999 761 2057 revocandos,

88 2067 145 2113 ¹aliis
158 2080 188 2112 ex
206 2066 261 2112 urbe
279 2080 348 2112 naves
366 2080 433 2112 cursu
451 2065 598 2128 repetentibus
604 2081 612 2124 3
627 2064 761 2123 incertisque

96 2131 230 2178 clamoribus
244 2131 335 2191 (quibus
350 2130 404 2190 ipsis
418 2130 478 2176 tubae
493 2129 654 2191 obstreperent)
669 2127 762 2174 turbatis

93 2195 202 2256 imperiis.
219 2193 320 2241 Tandem
328 2195 619 2244 eoneursumadnavesest.
646 2193 763 2240 ersuatn

98 2260 193 2320 quisque
206 2273 300 2305 noscere
312 2265 351 2304 aut
364 2258 425 2305 edire
433 2274 481 2320 prae
492 2260 588 2306 tumultu
598 2264 697 2321 poterat:
717 2263 763 2305 tre·

98 2323 242 2385 pidetmnque
255 2338 307 2370 cum
321 2323 418 2384 periculo
429 2324 485 2369 etin
496 2324 551 2371 mari
562 2331 584 2370 et
594 2324 617 2368 in
628 2317 687 2369 tend
696 2319 761 2382 foret,

99 2387 130 2440 ni,
147 2387 246 2450 partibus
256 2388 338 2441 divisis,
350 2386 464 2442 AEmilius,
478 2404 529 2434 cum
539 2384 642 2449 premnt
652 2400 709 2432 nove
719 2384 764 2446 pri-

100 2467 152 2498 mus
165 2467 179 2497 e
188 2459 255 2513 portu
264 2452 288 2498 in
298 2452 367 2498 altum
378 2459 475 2507 evectus,
493 2452 604 2514 excipiens
614 2451 763 2509 insequentes,

94 2531 144 2568 ,suo
154 2531 265 2576 quamque
278 2517 354 2564 ordine
368 2517 392 2562 in
405 2515 502 2564 frontem
516 2515 671 2570 instruxisset;
687 2513 765 2564 Eudo

101 2595 153 2632 mus
166 2579 300 2640 Rhodiaque
313 2580 389 2627 elassis
399 2581 549 2628 substitissent
557 2577 585 2625 ad
599 2586 686 2633 terram,
704 2583 767 2624 utet

102 2644 153 2695 ,tue
162 2644 306 2710 ecquandone
315 2645 496 2701 concenderent
511 2651 541 2699 et,
554 2649 579 2690 ut
589 2656 683 2704 queque
693 2649 767 2706 persta
