1867 2925
170 78 220 126 278
266 75 296 123 Τ.
309 73 398 123 len
414 74 468 125 Lu.
482 73 605 123 XXXVI.
625 72 685 125 Otr.
699 77 740 121 32.

170 220 266 259 marm,
278 207 382 269 omnjam
390 221 444 269 ager
451 204 523 252 effuso
530 205 629 251 exercitu
636 204 719 267 paaaim
729 210 838 261 ureretur,

169 276 284 331 monaque
293 286 362 332 prope
372 272 449 317 urbem
459 271 513 332 porri
523 270 629 322 viderent,
644 270 732 331 legatos
748 266 840 317 Chalci·

161 332 219 379 'dem
234 335 263 382 ad
276 334 305 381 Τ.
318 335 442 389 Quintium,
462 342 574 381 auctorem
589 334 702 387 libertatis,
720 333 838 387 minerunt,

168 398 207 461 qui
217 400 358 450 nuntiarent,-
367 400 495 446 Messenios
506 399 622 452 Romanis,
640 413 685 445 non
697 398 800 451 Achaeie,
817 402 840 444 et

167 465 253 525 aperire
263 472 338 526 portae
348 473 370 511 et
382 464 461 511 dedere
472 466 548 510 urbem
559 471 647 524 paratos
657 478 712 509 eme.
747 462 840 509 Auditis

167 528 256 638 :patin
276 529 387 590 extemplo
403 528 516 590 proiectus
532 527 647 581 Quintius,
667 542 680 573 a
697 527 839 600 Megalopoli

213 592 355 655 Diophanem
372 601 490 654 praetorem
508 593 643 638 Achaeorum
660 592 727 645 misit,
746 592 785 651 qui
800 606 840 638 ex-

168 658 253 719 templo
263 656 368 705 reducere
377 672 428 704 eum
440 672 454 703 a
464 657 572 708 Messene
583 656 711 709 exercitum,
728 664 751 701 et
762 657 840 702 venire

167 722 196 768 ad
212 736 237 768 ae
247 722 343 783 juberet.
378 721 449 767 Dicto
464 722 537 782 paruit
551 720 694 782 Diophanes:
716 727 747 773 et,
767 718 841 767 oolutd

168 786 289 840 obsidione
310 786 425 847 expeditua
442 787 496 847 ipse,
516 800 653 847 praegressus
669 799 758 845 agmen,
781 786 840 832 circa

169 848 303 904 Andmiarn,
312 867 405 913 parvum
415 851 526 912 oppidum,
537 851 594 896 iuter
602 849 766 911 Megalopolim
774 849 839 896 Mea-

169 930 282 976 aenenque
295 917 400 977 potitum,
417 914 513 968 Quintio
523 915 633 971 occurrit;
651 922 680 966 et,
697 928 749 959 cnm
760 928 840 960 oausaa

169 980 341 1043 oppugnationis
362 986 490 1040 exponeret,
514 980 646 1043 castigatum
668 978 754 1031 leniter,
779 978 840 1040 quod

167 1050 253 1089 onum
264 1059 310 1089 rem
322 1044 369 1089 aine
380 1045 511 1090 auctoritate
522 1043 562 1089 aud
573 1050 666 1089 conatus
680 1049 746 1095 earet,
763 1042 839 1089 dimit-

167 1108 346 1158 tereexercitum
353 1109 426 1169 jueait,
439 1124 480 1154 nec
491 1123 566 1170 paoem
576 1107 674 1153 omnium
683 1108 743 1153 hono
751 1114 838 1169 partun

167 1171 263 1219 orbare
295 1172 416 1219 Menaeoiia
427 1173 549 1234 imperavit¹
563 1180 587 1217 ut
598 1172 686 1218 exsules
697 1171 837 1224 reducerent,

167 1242 192 1283 et
207 1236 344 1284 Achaeorum
361 1238 448 1283 concilii
463 1246 557 1283 eareat..
581 1237 605 1283 si
622 1251 664 1297 qua
679 1236 793 1291 haberent,
812 1236 840 1283 de

168 1300 247 1361 qualrua
258 1309 296 1349 aut
307 1318 414 1353 recusare,
430 1313 468 1348 aut
484 1302 507 1347 in
521 1310 635 1363 posterum
650 1302 723 1347 caveri
739 1302 781 1347 albi
792 1301 848 1348 vel..

166 1366 221 1420 leat,
239 1364 372 1414 Corinthum
387 1366 415 1413 ad
428 1382 452 1412 oe
462 1367 570 1414 venirent.
606 1364 751 1427 Diophanem
762 1367 840 1413 concl-
913 1394 914 1430 p

166 1430 375 1479 lium.thaeorum
390 1432 501 1493 extemplo
516 1431 555 1478 sibi
571 1430 669 1493 praebere
682 1430 758 1492 jussit.
797 1429 838 1485 Ibi,

167 1495 196 1542 de
211 1495 328 1556 Zacyntho
344 1494 465 1558 intercepti
480 1513 519 1558 per
533 1495 631 1542 fraudem
648 1493 721 1542 inauli
735 1504 838 1556 queatua,

166 1560 293 1621 postulavit,
306 1568 331 1606 ut
343 1562 494 1608 restitueretur
506 1561 621 1607 Romania.
650 1559 746 1622 Philippi
758 1560 840 1608 Mace·

167 1623 251 1670 donum
260 1625 319 1685 regia
328 1625 456 1684 Zacynthus
466 1625 550 1672 fuerat:
568 1641 617 1671 eam
629 1623 754 1671 mercedem
763 1625 847 1688 Amy-.
910 1647 911 1650 ¹

167 1687 253 1734 nandro
263 1688 359 1742 dederat,
372 1696 397 1734 ut
407 1705 446 1750 per
457 1690 614 1736 Athamaniam
625 1689 706 1735 ducere
713 1691 839 1736 exercitum
909 1721 910 1726 =

166 1752 191 1798 in
202 1753 337 1815 superiorem
345 1762 430 1815 partem
440 1754 533 1800 AEtoliae
541 1755 627 1800 liceret:
644 1752 687 1814 qut
696 1755 840 1815 expeditione

167 1815 244 1863 fractis
254 1819 340 1871 animia,
358 1818 448 1864 AEtoloa
463 1819 569 1880 comptdit
582 1819 609 1864 ad
620 1819 737 1879 petendam
749 1819 836 1880 paoem.

168 1880 315 1941 Amynander
327 1881 453 1944 Philippum
465 1883 680 1945 Megalopolitanum
690 1883 771 1930 tusutae
779 1897 846 1946 pra-1

166 1944 233 1990 tecit:
252 1954 329 2008 postea
343 1963 382 2008 per
396 1948 484 1999 bellum,
501 1963 585 2008 quoae
601 1947 714 1993 Antiocho
730 1948 839 1996 adverada

167 2007 285 2057 Romanoa
295 2012 418 2073 conjunxit,
432 2012 533 2074 Philippo
544 2012 572 2058 ad
580 2013 655 2058 munia
663 2013 713 2058 belli
722 2022 837 2068 revocato,

167 2072 298 2122 Hieroclem
362 2077 485 2138 'gentinum
497 2092 645 2124 successorem
658 2077 725 2122 misit.

200 2137 313 2186 XXXII.
343 2157 361 2194 a,
373 2141 509 2204 pontiugam
517 2140 709 2202 ablhemopylis
718 2141 837 2197 Antiochi,

167 2204 382 2266 Amynandrumque
392 2221 406 2252 a
418 2205 520 2268 Philippo
531 2205 663 2252 Athamanii
671 2206 770 2267 pulsam,
784 2209 838 2254 mia-

166 2269 199 2316 aia
209 2270 268 2316 ultro
279 2269 307 2316 ad
318 2269 459 2331 Diophanem
471 2279 588 2332 praetorem
598 2271 735 2317 Achaeorum
744 2273 837 2326 nuntiis,
895 2286 899 2301 ·

166 2335 282 2394 pecuniam
298 2342 381 2396 pactua,
397 2335 492 2382 insulam
507 2335 597 2382 Achaeis
607 2335 702 2382 tradidit.
740 2334 769 2382 Id
779 2351 838 2399 prea-

167 2397 238 2442 mium
253 2399 304 2445 belli
320 2414 385 2445 auum
403 2414 460 2452 ease,
481 2415 569 2460 aequum
586 2401 703 2446 censebant
719 2399 834 2454 Romani:

169 2463 316 2508 “nonenim
331 2463 434 2508 Manium
449 2464 547 2510 Acilium
562 2465 675 2512 consulem
689 2463 844 2526 lefflfflfflqoe·

169 2517 287 2579 Ruminae
296 2526 411 2602 Diophani
421 2533 444 2578 et
455 2527 547 2580 Achaeis
557 2530 585 2580 ad
599 2528 763 2592 luemopyus
777 2543 836 2594 pug-
