1867 2925
138 105 188 148 ⁵40
229 99 259 147 Τ.
273 97 363 146 L1v11
379 97 432 146 Lra.
447 97 584 146 XXXVII·
600 97 666 180 'Cen
679 105 721 150 49.

170 227 293 277 xuvur
316 229 398 278 Marco
409 228 712 280 FuvioNotilioreetcn.
724 218 838 287 Manuo‘

135 295 241 342 Vulsone
256 296 390 348 consulibua,
409 294 513 341 Valerius
524 294 605 342 Antias
620 292 760 351 auctorest,
778 313 817 345 ru·

136 375 223 407 rnorem
243 361 351 407 celebrem
369 359 451 406 Romae
467 359 543 412 iiriaae,
561 367 584 406 ct
602 375 670 421 paene
689 378 732 424 pro
753 370 817 410 oerto

135 425 243 477 habitum,
259 425 377 486 recipiendi
389 423 499 486 scipionia
510 424 658 472 adolescentia
669 425 747 480 causi,
760 443 817 474 con·

137 491 209 537 rulern
229 489 257 537 L.
277 490 411 552 Scipionem,
429 497 520 534 etcum
537 505 565 535 eo
582 488 610 535 P.
629 490 775 545 Africanum,
793 493 818 538 in

137 554 273 616 colloquium
295 561 400 602 evocatos
422 553 488 615 regio,
510 562 534 599 et
555 555 616 616 ipsos
638 557 818 618 comprehensos

137 635 202 678 ocre3
220 628 249 674 et,
262 621 355 668 ducibus
365 619 441 681 captia,
455 617 573 664 confestim
585 620 613 666 ad
623 628 697 667 castra
708 621 818 668 Romana

137 686 261 733 exereitum
276 685 376 736 ductum,
394 699 463 745 eaque
477 692 613 746 expugnata,
631 693 655 732 et
667 686 755 732 deletas
766 692 817 732 om-
918 714 919 753 r

137 765 178 797 nat
193 751 268 812 copias
283 749 438 796 Romanorum
458 764 520 796 eoae:
540 749 569 794 ob
587 751 636 796 haec
647 749 746 798 'AEtoioa
766 767 816 798 sus·

138 816 218 862 tuliano
234 816 328 867 animos,
347 822 370 860 et
385 813 487 861 abnuisse
502 814 610 875 imperata
623 814 713 873 facere3
732 816 818 877 princi-

139 895 225 944 pesque
235 895 312 928 eorum
324 879 348 925 in
360 879 525 931 Macedoniam,
542 887 565 925 et
576 880 599 924 iu
613 879 742 932 Dardanos,
759 881 819 928 etin
832 887 834 890 '

138 945 265 998 Thraciam,
276 945 304 992 nd
314 944 458 990 conducenda
472 944 574 990 mercede
585 945 674 999 auxilia,
690 945 816 1006 profectos.

139 1011 201 1058 Haec
220 1011 258 1072 qui
277 1009 405 1056 nuntiarent
423 1007 529 1061 Romam,
551 1009 580 1054 A.
599 1009 734 1056 Terentium
756 1009 818 1057 Var-
918 1004 919 1015 ¹

139 1091 216 1123 rouem
228 1082 251 1122 et
260 1073 296 1120 M.
307 1072 426 1122 Claudiurn
439 1073 549 1135 Lepidum
560 1075 588 1120 ab
601 1077 628 1120 A.
642 1073 752 1122 Cornelio
762 1073 817 1138 pio-

138 1147 279 1204 praetoreex
294 1136 381 1186 AEtoliir
391 1139 473 1184 missos
483 1153 539 1184 esse.
576 1139 679 1186 Subtexit
690 1139 773 1186 deinde
782 1141 817 1188 fa-
918 1182 919 1191 ,

138 1206 199 1255 hulae
215 1204 274 1258 huic,
291 1205 380 1266 legatos
397 1203 489 1250 AEtolos
504 1204 528 1249 in
546 1212 631 1257 senatu,
649 1205 708 1250 inter
723 1213 815 1260 caetera,
918 1206 919 1229 ¹

139 1272 182 1317 hoc
194 1285 283 1332 quoquo
293 1270 443 1332 interrogatos
454 1284 518 1326 eate3
536 1269 595 1315 unde
609 1268 731 1323 audissent,
744 1271 818 1333 impe-

139 1343 224 1384 ratorer
236 1335 353 1382 Romanos
364 1336 387 1380 in
399 1331 455 1381 Arii
465 1342 542 1395 captos
553 1335 581 1380 ab
589 1333 704 1379 Antiocho
716 1350 780 1398 rege,
793 1344 818 1383 et

138 1403 261 1450 exercitum
273 1401 369 1446 deletum
381 1399 448 1446 erae?
465 1398 558 1445 AEtoioc
569 1399 717 1460 respondisse,
730 1401 759 1446 ab
770 1402 818 1447 auis

138 1468 220 1530 legatia
235 1482 266 1521 ae,
283 1467 320 1527 qui
335 1482 386 1513 curn
401 1465 494 1512 consule
507 1464 596 1517 fuerint,
613 1465 720 1511 certiores
730 1464 813 1513 foetos.

138 1532 248 1579 Rumoris
258 1533 324 1593 hujus
335 1531 386 1591 quia
401 1531 511 1576 neminem
525 1530 593 1575 aliurn
608 1537 723 1576 auctorem
734 1532 813 1585 haheo,
918 1559 919 1578 r

131 1612 211 1657 ,noque
227 1596 336 1642 affinnata
351 1610 386 1642 ret
401 1593 451 1642 meri
465 1594 570 1657 opinione
584 1596 620 1648 ait,
636 1610 679 1642 noc
693 1610 735 1658 pro
753 1595 814 1644 rand
918 1657 919 1662 ¹

137 1662 295 1725 praetermissa.
575 1715 579 1721 .
816 1668 820 1672 ’

171 1725 267 1773 XLIX.
283 1724 354 1771 AEtoli
365 1726 432 1787 legati
443 1726 467 1771 in
476 1733 578 1772 senatum
586 1726 714 1780 introducti,
725 1742 778 1775 curn
791 1735 816 1775 et

139 1806 206 1840 cauta
216 1808 255 1838 eoa
267 1807 307 1838 aua
316 1798 340 1837 et
349 1790 440 1837 fortuna
451 1792 584 1844 hortaretur,
596 1798 622 1837 ut
632 1790 763 1839 confitendo
774 1808 816 1846 seu

139 1872 188 1905 rurae
201 1858 273 1918 cuipae
289 1872 328 1903 seu
339 1857 408 1902 errori
419 1856 507 1902 veniam
518 1863 619 1917 peterent
630 1856 757 1917 supplices3
769 1859 816 1905 orsi

138 1938 154 1971 a
168 1922 280 1969 beneficiis
294 1922 318 1967 in
332 1922 439 1983 populum
455 1920 593 1974 Romanurn,
612 1929 635 1967 et
646 1937 716 1983 prope
731 1937 816 1985 expro-

138 1990 228 2035 brantes
243 1988 348 2033 virtutem
364 2000 427 2033 suam
442 1986 465 2031 in
482 1984 578 2047 Philippi
591 1986 657 2039 bello,
676 1996 699 2033 et
713 1986 816 2035 oflende-

140 2058 193 2099 runt
203 2066 268 2097 aurea
283 2049 402 2099 incolentiri
416 2052 539 2107 sermonia;
558 2058 580 2097 et
594 2067 629 2104 eo,
645 2059 722 2098 vetera
736 2060 761 2099 et
775 2054 816 2100 ob-

139 2117 227 2163 literata
245 2117 373 2177 repetendo,
395 2130 441 2163 rem
461 2116 608 2168 adduxerunt,
628 2124 654 2161 ut
670 2117 729 2163 houd
747 2118 816 2179 pardo

140 2182 237 2243 phitium
252 2180 410 2227 maleficiorum
425 2181 501 2241 gentis
515 2196 581 2240 quarn
596 2180 754 2227 beneficiorum
765 2177 816 2230 me·

140 2246 212 2291 moria
226 2246 308 2292 subiret
320 2245 406 2291 animos
418 2243 521 2297 Petrum,
533 2252 563 2298 et,
576 2246 655 2306 qurhuo
665 2245 818 2294 misericordid
832 2253 836 2261 '

139 2324 196 2369 opua
211 2318 265 2363 erat,
281 2310 337 2355 iram
352 2317 375 2355 ct
390 2308 465 2355 odium
480 2310 599 2355 irritarent.
636 2308 774 2372 Interrogati
788 2314 817 2358 ab
918 2329 919 2332 ¹

140 2386 186 2419 uno
197 2382 308 2427 uenatore,
322 2382 338 2403 “
346 2374 531 2435 pennitterentne
541 2374 655 2420 arbitrium
663 2375 691 2421 de
700 2390 724 2421 se
731 2377 817 2437 populo
918 2401 919 2414 r

139 2434 245 2482 Romano
252 2438 281 2483 ?''
300 2438 381 2487 deinde
399 2439 427 2485 ab
445 2438 523 2490 altero,
546 2439 696 2485 “habiturine
714 2440 814 2493 eoadem,

139 2512 195 2555 quos
214 2502 310 2561 populun
327 2502 453 2556 Romanus,
474 2504 549 2549 socios
568 2512 591 2550 et
609 2504 685 2549 hortea
702 2504 816 2563 ΜΡ·

139 2560 194 2604 nihii
210 2563 238 2607 ad
254 2580 280 2610 ea
297 2568 464 2628 respondentes,
484 2568 660 2630 egredirternpio
673 2568 731 2631 juaai
750 2576 812 2615 aunt.
837 2582 841 2590 ·

99 2673 101 2683 χ
140 2621 313 2674 conclamatum
330 2632 410 2680 deinde
426 2648 497 2695 prope
512 2632 540 2681 ab
557 2634 662 2682 univoco
676 2626 755 2682 rendit!
769 2628 831 2687 ⁸⁶42*
