1867 2925
97 136 148 182 906
190 127 221 187 Τ.
235 124 323 175 mvn
339 124 393 173 Lis.
406 123 543 175 XXXVII.
561 124 624 175 Car.
639 130 677 176 14⁴.

104 258 227 309 AEthaliam
242 264 308 311 stata
322 256 438 303 connium
453 256 559 309 habitum,
570 264 647 303 utrum
658 258 772 321 extmplo

105 327 255 375 decernerem
273 337 302 368 an
312 321 424 367 Rhodiam
438 328 593 382 exspectarem
609 322 702 369 classem
711 342 720 370 :¹
737 326 772 371 di-

104 387 152 437 int
161 404 193 441 re,
206 388 248 450 (ita
258 388 317 433 enim
334 383 427 449 placuit)
440 383 563 445 Corycum,
579 387 639 433 nude
654 396 772 445 reumont,

108 455 249 516 trajecerunt
284 451 545 512 Polyxenidssrquoque,
562 466 613 497 cum
627 450 711 499 frustra
727 462 775 501 ste-

108 519 179 572 tisset,
191 518 307 579 Ephesum
316 516 386 562 rediit.
421 514 482 561 Tum
494 514 607 563 Romanae
613 530 687 570 naver,
699 532 774 565 vacuo

107 585 137 631 ab
154 583 254 629 hostibus
272 581 335 634 mari,
355 580 447 626 Samum
466 581 607 641 trajecerunt.
640 579 728 627 Eodem
749 591 774 629 et

108 648 199 695 Rhodia
210 646 286 697 classis
295 652 346 706 post
357 644 403 689 dies
412 659 496 705 paucos
512 646 589 691 venit:
607 660 672 705 quam
688 653 714 691 ut
730 660 775 693 ex-

108 719 231 774 spectatam
238 717 413 770 esseappareret,
420 708 514 769 profecti
520 710 632 770 extemplo
638 716 689 755 sunt
695 710 775 773 Ephe-

108 792 168 830 sum,
181 782 207 822 ut
216 783 254 821 aut
269 775 412 820 decernerent
422 773 495 819 navali
504 774 632 827 certamine,
644 781 689 828 aut,
701 776 721 821 si
735 776 776 823 de-

110 847 216 888 trectaret
225 838 296 885 bostis
306 852 412 899 pugnarn,
425 837 495 900 (quod
505 838 625 899 plurimum
635 838 741 889 intererat
748 843 778 889 ad

111 904 199 953 animos
207 901 341 962 ciuitatium)
352 903 439 947 timeris
446 901 778 964 confessionemexprimerent.

114 968 201 1019 Contra
219 968 295 1015 lances
311 967 389 1028 portius
405 963 513 1013 instructi
531 967 554 1011 in
572 966 670 1013 frontem
688 972 781 1017 navium

113 1035 162 1083 acie
178 1030 272 1079 stetere:
291 1039 409 1092 postquam
428 1046 494 1078 nemo
513 1031 618 1077 adversus
636 1032 688 1085 ibat,
708 1035 782 1082 classe

113 1094 192 1149 divisi,
203 1112 254 1157 pars
261 1097 285 1141 in
296 1096 342 1141 salo
353 1096 381 1141 ad
391 1096 474 1141 ostium
481 1096 558 1158 portils
569 1096 592 1141 in
603 1098 690 1143 ancoris
700 1100 779 1157 stetit;

112 1176 165 1225 pars
170 1161 194 1205 in
203 1169 283 1207 terram
291 1160 372 1206 milites
382 1160 492 1221 exposuit.
522 1159 551 1205 In
557 1175 602 1214 eos,
607 1162 655 1222 jam
664 1162 780 1223 ingentem

114 1226 212 1290 praedam
231 1226 275 1272 late
296 1225 429 1286 depopulato
444 1240 499 1287 agro
518 1232 617 1286 agentes,
635 1226 782 1275 Andronicus

116 1290 222 1344 Macedo,
240 1290 279 1350 qui
295 1290 318 1335 in
335 1289 438 1351 praesidio
452 1289 537 1351 Ephesi
549 1296 602 1343 erat,
610 1292 658 1353 jam
669 1293 783 1341 moenibus

115 1356 322 1419 sppropinquantes,
338 1354 475 1416 eruptionem
492 1353 551 1407 iecit,
564 1361 688 1416 exutosque
698 1356 784 1421 magni

116 1429 179 1485 parte
188 1420 271 1484 praedae
279 1419 307 1467 ad
314 1434 376 1466 mare
385 1432 411 1466 ac
419 1433 488 1466 naves
499 1418 591 1481 redegit.
627 1419 722 1468 Postero
736 1424 783 1480 die,

116 1486 202 1534 insidiis
214 1485 287 1532 medio
300 1483 370 1530 ferme
380 1484 423 1530 viae
439 1483 524 1545 positis,
538 1485 566 1530 ad
576 1484 706 1532 eliciendum
717 1496 782 1538 extra

116 1549 202 1600 moenia
208 1548 364 1601 Macedonem,
377 1548 475 1594 Romani
486 1549 514 1594 ad
524 1550 600 1595 urbem
613 1551 702 1612 agmine
718 1549 781 1610 ἰὲῐες

116 1614 175 1666 inde,
185 1628 235 1658 cum
244 1628 272 1658 ea
281 1614 328 1673 ipsa
339 1613 441 1673 suspicio,
450 1627 480 1659 ne
487 1613 537 1673 quis
544 1614 620 1666 exiret,
630 1614 782 1672 deterruisset,

117 1678 230 1727 redictum
239 1677 268 1722 ad
275 1691 358 1734 naves3
373 1684 402 1730 at,
414 1674 474 1724 terri
483 1678 582 1738 marique
588 1677 725 1740 fugientibus
734 1697 784 1728 oer-

118 1751 193 1795 tamen
200 1741 306 1794 hostibus,
317 1741 417 1795 Saluum,
429 1741 488 1788 unde
494 1751 591 1795 venerat,
602 1744 679 1791 classis
687 1748 781 1807 repetit:

117 1807 176 1854 Inde
183 1808 237 1854 duas
248 1807 358 1855 cocionum
368 1803 480 1859 cultelii,
492 1806 546 1852 duas
561 1807 662 1854 Rhodias
672 1811 782 1867 triremes,

118 1888 170 1918 cum
186 1870 291 1932 praet'ecto
308 1870 413 1932 Epicrate
429 1870 576 1925 Rhodiorum,
595 1873 623 1918 ad
636 1873 719 1922 fretum
738 1875 783 1924 Ce-

21 1935 25 1942 .
117 1935 350 1998 Phfflmiaemendum
362 1935 523 1997 praetermisit.
560 1935 669 1983 Infestum
680 1939 704 1984 id
714 1941 784 1988 latro-

117 1999 178 2047 cinio
186 1998 370 2046 Lacedaemonius
376 1999 497 2060 Hybristas
503 2015 554 2046 cum
560 2002 678 2062 juventute
686 2003 786 2066 Cephal.

118 2065 196 2176 penum
209 2062 315 2121 faciebat3
332 2064 475 2125 clausumque
485 2066 534 2126 jam
549 2081 610 2114 mare
624 2071 785 2118 commeatibus

134 2129 205 2175 talicis
215 2135 268 2175 erat.

154 2191 224 2240 XIV.
245 2191 368 2239 1⁷2th
385 2193 480 2240 AEmilio
495 2194 593 2258 Regillo,
612 2198 739 2246 succedenti
756 2204 785 2250 sd

119 2257 200 2303 navale
207 2256 329 2319 imperium,
338 2257 455 2319 Epicrates
463 2261 572 2318 occurrit;
584 2262 628 2321 qui,
640 2263 715 2310 auditi
722 2265 787 2314 clade

121 2318 268 2374 Rhodiorum,
281 2337 332 2368 cnm
342 2322 390 2382 ipse
400 2322 454 2369 duas
464 2330 551 2370 tantum
564 2327 734 2386 quinqueremes
745 2332 785 2378 ha-

120 2383 190 2436 beret,
204 2383 333 2446 Epicratem
350 2401 400 2431 cnm
415 2393 509 2448 quatuor
521 2389 612 2436 navibus
623 2391 646 2436 in
657 2392 736 2440 Asiam
749 2411 785 2444 se-

118 2458 173 2489 cum
185 2448 285 2496 reduxit:
303 2458 427 2510 prosecutae
437 2453 510 2500 etiarn,
521 2461 602 2516 apertae
613 2455 787 2508 Atheniensium

121 2520 190 2553 naves
201 2519 260 2558 sunt.
295 2513 379 2577 AEgaeo
389 2516 445 2561 mari
461 2517 554 2579 trajecit
588 2517 786 2570 Eodem'Timnsi-

114 2575 194 2629 mles
204 2571 307 2642 Rhodius
320 2594 370 2624 cum
387 2580 471 2626 duabus
487 2582 661 2642 qtmdriremibus
675 2587 702 2632 ab
715 2588 785 2637 Senio

115 2638 187 2680 nocte
203 2640 336 2704 mtempesti
351 2643 426 2691 renus
445 2644 602 2708 deductusque·
611 2647 639 2696 ad
653 2648 784 2708 AEnttiuss,
