1867 2925
205 160 235 212 τ.
249 158 339 211 mvn
355 160 409 209 ns
422 160 523 211 xxxi
542 160 602 211 cn.
616 167 655 218 aa
736 168 769 213 ss

100 289 149 337 inde
158 296 182 336 et
195 290 274 339 fallere
289 292 364 339 abiens
378 292 467 339 hostem
477 292 552 347 vallet,
570 293 716 341 caduceatore
730 295 772 341 sub

24 386 25 397 ι
100 370 199 405 mensum
219 357 274 404 solis
293 357 320 403 sd
339 358 454 405 consulem
473 357 550 411 misso,
567 359 605 418 qui
624 358 723 407 inducias
742 360 771 406 ad

24 408 26 477 l
98 421 233 482 sepeliendos
255 422 341 483 equites
361 429 454 484 peteret,
477 422 597 469 frustratus
615 424 710 478 hostem,
734 440 770 471 se

99 484 168 531 cunda
178 485 273 549 sagina,
282 488 359 534 multis
374 488 463 549 ignibus
478 503 518 549 per
532 494 582 534 tota
595 496 667 535 castra
677 489 767 545 relictis,

98 550 168 597 silenti
179 553 272 614 agmine
283 552 343 598 abiit.

129 615 257 663 XXXIX.
278 615 368 678 Corpus
377 618 426 679 jam
443 617 534 663 curabat
548 617 634 670 consul,
653 630 711 671 cum,
729 634 770 666 rs·

97 680 154 727 uisse
164 682 344 735 caduceatorem,
362 688 385 727 et
395 681 448 741 quid
458 680 563 734 venisset,
581 682 708 729 nuntiatum
718 692 767 731 ast:

97 761 203 807 responso
218 755 308 793 tantum
320 746 378 800 dato,
397 760 463 793 mane
476 753 567 808 postero
577 747 613 793 die
622 747 671 794 fore
682 749 769 809 copiam

96 812 250 865 conveniendi,
269 812 292 857 id
303 811 363 871 quod
373 812 492 871 quaesitum
509 819 564 866 erat,
580 826 627 858 nox
637 812 724 873 dieique
734 814 770 860 in·

97 878 209 936 sequentis
228 892 281 938 pars
301 876 328 923 ad
347 875 520 938 praecipiendum
536 876 579 923 iter
598 876 702 939 Philippo
718 878 770 925 dats

96 948 135 987 ast.
170 942 276 995 Montes,
301 956 366 1001 quam
386 942 445 987 viam
464 956 511 986 non
529 942 683 1003 ingressurum
704 944 769 1005 gravi

95 1008 186 1069 agmine
193 1006 326 1055 Romanum
336 1006 423 1058 sciebat,
435 1007 498 1069 petit.
534 1003 629 1073 Consul,
641 1004 770 1068 primilucc

96 1071 243 1118 caduceatore
261 1070 318 1117 datis
337 1070 431 1117 induciis
449 1071 548 1124 dimisso,
570 1071 630 1117 baud
647 1072 680 1118 ita
697 1072 769 1119 multo

24 1172 25 1177 ,
93 1144 144 1197 post
163 1137 238 1183 abisse
258 1136 345 1182 hostem
362 1151 414 1181 cum
433 1136 547 1189 sensisset,
563 1136 656 1197 ἰςιιιηιι
673 1134 717 1197 qud
733 1152 770 1184 ser·

96 1209 208 1260 queretur,
233 1200 313 1247 iisdem
336 1200 421 1247 statins
441 1199 598 1247 fnrrnentando
620 1201 667 1248 dies
685 1202 770 1263 aliquot

95 1266 229 1313 consumsit.
266 1266 383 1313 Stuberam
394 1264 475 1312 ddnde
484 1266 548 1327 petit,
558 1273 625 1327 atque
634 1281 664 1312 ex
672 1265 771 1329 Pelago-

96 1330 131 1377 nid
140 1330 291 1383 frumentum,
305 1330 365 1391 quod
375 1330 398 1375 in
409 1331 470 1392 agris
480 1337 535 1383 erat,
548 1332 666 1378 convexit:
683 1331 735 1377 inde
743 1330 771 1378 ad

96 1392 244 1459 [Pluvinam]
260 1402 294 1441 est
308 1410 447 1457 progressus,
460 1396 560 1441 nondum
571 1402 693 1458 comperto,
703 1411 771 1457 quani

95 1463 214 1523 reginum
225 1463 303 1506 hostes
313 1462 427 1522 petissent.
464 1458 587 1524 Philippus,
600 1477 652 1508 cunr
660 1462 732 1523 primo
742 1462 772 1509 ad

95 1523 224 1586 Brysnium
236 1526 317 1572 stativa
324 1526 443 1579 habuisset,
455 1525 569 1589 profectus
576 1527 628 1574 indc
638 1527 772 1575 hanmrsis

24 1617 25 1620 =
95 1590 211 1644 limitibus,
229 1598 339 1637 terrorem
350 1592 445 1652 praebuit
460 1592 557 1638 subitum
571 1591 637 1638 hosti.
672 1589 773 1640 Movdre

95 1656 171 1716 itaque
180 1669 211 1702 ex
221 1651 342 1719 [Pluvinl]
352 1655 457 1710 Romani,
471 1664 495 1703 et
504 1655 533 1702 ad
543 1655 675 1719 Osphagum
686 1655 772 1704 flumen

95 1727 221 1782 posuerunt
244 1729 322 1766 castra.
358 1719 411 1768 Rex
429 1721 489 1767 haud
507 1721 585 1783 procul
603 1722 655 1768 inde
673 1728 697 1768 et
714 1722 770 1784 ipsc,

93 1785 154 1832 sallo
173 1801 242 1848 super
259 1785 329 1848 ripam
347 1785 419 1831 amnis
438 1786 513 1840 ducto,
531 1786 672 1850 (Erigonum
690 1786 772 1837 incole
873 1793 880 1797 '

96 1849 190 1910 vocant)
212 1850 320 1896 consedit.
356 1847 414 1896 Inde
433 1852 487 1897 satis
505 1859 628 1910 comperto,
650 1850 772 1898 Eordaeam

95 1917 206 1976 petituros
217 1915 343 1967 Romanos,
362 1915 390 1960 ad
404 1914 544 1976 occupandas
554 1913 676 1975 angustias,
693 1929 724 1961 ne
734 1930 772 1961 su·

95 1995 172 2042 perare
181 1982 259 2026 hostes
268 1979 335 2026 arctis
342 1977 442 2026 faucibus
453 1979 564 2026 inclusum
575 1979 660 2025 aditum
670 1986 771 2041 possent,

95 2047 225 2107 praecessit:
245 2045 274 2091 ibi
286 2044 328 2090 alia
339 2045 405 2097 vallo,
423 2044 465 2090 alia
474 2042 542 2097 sossi,
555 2043 598 2090 alia
607 2044 705 2105 lapidum
716 2059 772 2091 con·

95 2110 164 2172 genie,
183 2119 210 2157 ut
220 2125 262 2172 pro
273 2124 338 2156 muro
350 2116 432 2162 essent,
449 2109 493 2155 alia
502 2110 615 2156 arboribus
626 2109 725 2170 objectis,
740 2109 773 2156 its

96 2183 121 2220 ut
139 2176 205 2222 locus
223 2174 357 2236 postulabat,
376 2181 414 2220 aut
433 2175 525 2220 materia
544 2174 703 2235 suppeditabat,
720 2189 773 2235 pcr-

97 2241 191 2298 muniit3
210 2241 278 2300 btque
293 2240 330 2302 (ut
342 2239 389 2300 ipse
401 2237 500 2299 rebatur)
515 2239 582 2291 viam,
599 2236 678 2299 suiptc
692 2235 773 2284 naturis

97 2303 217 2356 difficilem,
236 2304 328 2365 objectis
343 2319 384 2365 per
398 2319 477 2350 omncs
491 2303 599 2356 transitus
609 2303 720 2362 operibus,
737 2301 773 2345 in·

97 2369 271 2431 expugnabilem
285 2367 346 2415 fecit.
382 2367 455 2415 Erant
470 2369 575 2430 pleraque
586 2365 696 2411 silvestris
706 2365 772 2416 circa

97 2433 240 2482 incommoda
249 2433 356 2496 phalangi
367 2434 464 2480 maxime
475 2431 645 2484 Macedonum
661 2442 719 2486 quae,
731 2426 775 2472 nisi

96 2501 135 2546 ubi
151 2500 275 2562 praelongis
292 2499 362 2545 hastis
379 2499 442 2544 velut
457 2497 543 2543 vallum
559 2499 612 2540 ante
629 2491 720 2611 clypeos
736 2491 776 2564 ob·

64 2587 65 2592 ¹
94 2565 156 2627 jecit,
174 2565 247 2628 (quod
265 2571 291 2610 ut
307 2563 354 2617 liat,
371 2564 441 2610 libero
459 2575 539 2621 campo
556 2569 613 2616 opus
630 2561 665 2598 est
694 2552 777 2599 nullius

98 2631 218 2678 admodum
233 2629 289 2677 usris
304 2636 346 2675 est.
382 2627 484 2676 'lbracss
494 2617 725 2683 quoqueromphaeae,
742 2614 778 2656 in-

100 2697 172 2761 gentis
192 2703 216 2746 et
234 2696 291 2759 ipssa
309 2691 467 2756 longitudinis,
484 2689 544 2734 inter
563 2681 662 2742 objectos
681 2674 779 2733 undiquc
793 2710 912 2898 t
