1867 2925
154 144 189 187 66
256 136 289 185 T·
302 135 392 186 LIVII
408 136 462 185 Lu.
476 135 591 187 XXXII.
611 136 671 188 Car.
688 138 725 186 ld.

149 268 236 315 nuntiis
247 266 379 329 Corcyram,
392 275 418 314 ut
433 267 543 314 onerariae
554 282 624 314 nares
637 268 661 313 in
678 267 751 313 sinnm
761 267 830 316 veni·

152 341 203 380 rent
211 333 372 391 Ambracium
389 334 443 395 ipse,
455 348 588 395 progressus
600 332 693 379 modicis
703 332 826 389 itineribus,

151 406 232 459 quarto
249 399 284 445 die
301 399 325 444 in
342 406 420 444 monte
436 396 541 445 Cercetio
556 399 632 459 posuit
648 404 726 451 castra,
745 398 827 445 eodem

153 463 301 524 Amynandro
312 478 363 510 cum
374 463 419 509 suis
430 462 518 508 auxiliis
528 464 615 519 accito;
632 477 678 508 nou
686 470 732 508 tam
742 463 827 510 virium

150 530 200 590 ejus
216 543 292 591 egeus,
310 544 375 589 quarn
395 536 421 575 ut
440 528 508 574 duces
526 528 550 573 in
567 527 707 575 Thessaliam
724 528 824 574 baberet

153 595 191 639 Ab
201 592 280 640 eodem
292 594 391 646 consilio,
404 600 427 639 et
437 593 538 654 plerique
548 591 694 654 Epirotarum
705 592 827 640 voluntarii

152 660 212 706 inter
222 658 305 705 auxilia
315 658 406 720 accepti.
537 681 540 685 1
783 695 785 701 .

185 722 242 769 XV.
262 722 362 769 Primam
374 723 460 769 urbium
470 722 594 769 Thessaliae
603 721 731 768 Phaloriam
739 730 775 769 est
782 738 827 784 ag.

150 802 250 849 gressus.
287 786 343 833 Duo
352 787 420 833 millia
431 787 584 833 Macedonum
599 788 623 833 in
638 787 742 848 praesidio
757 788 827 834 habe·

150 854 195 906 bat,
216 852 255 912 qui
270 853 343 914 primo
354 850 442 899 summi
452 853 476 898 vi
487 853 623 905 restiterunt,
634 860 742 913 quantum
753 867 825 907 arma,

97 968 99 973 ,
151 924 260 979 qnantum
272 919 356 964 moenia
365 917 423 963 tueri
434 924 551 978 poterautz
570 918 609 963 sed
620 918 758 979 oppugnatio
769 932 826 963 con-

149 983 221 1037 tinua,
234 996 280 1028 non
295 983 337 1036 die,
354 997 400 1029 non
413 989 480 1028 nocte
490 982 588 1033 remissa,
602 983 666 1045 (cum
674 982 753 1028 consul
761 983 785 1027 in
796 998 825 1029 eo

149 1048 208 1095 verti
233 1048 334 1094 crederet
356 1054 488 1094 caeterorum
507 1046 667 1093 Thessalorum
689 1048 784 1099 animos,
805 1048 826 1094 si

149 1112 215 1175 primi
226 1113 272 1158 vim
286 1112 412 1158 Romanam
424 1126 470 1157 non
482 1108 650 1169 sustinuissent)
662 1112 716 1157 aicit
725 1112 826 1173 pertina-

149 1177 207 1223 ciam
219 1176 379 1223 Macedonum.
415 1175 490 1238 Capti
500 1175 611 1229 Phalorii,
627 1176 696 1238 legati
708 1192 722 1222 a
734 1176 827 1223 Metro·
928 1185 929 1190 ’

149 1242 195 1303 poli
207 1248 230 1288 et
238 1258 251 1288 a
260 1240 326 1288 Pieri
334 1242 440 1289 dedentes
449 1243 514 1288 urbes
521 1248 647 1287 venenant:
662 1241 728 1288 venia
738 1242 825 1289 eisdem

149 1308 276 1369 petentibus
295 1307 367 1354 datur.
402 1306 508 1353 Phaloria
525 1306 617 1352 incensa
632 1321 659 1352 ac
676 1306 761 1368 direpta
777 1315 822 1353 est.

152 1370 209 1418 Inde
220 1372 340 1434 AEginium
351 1371 422 1433 petit;
439 1386 505 1431 quem
517 1371 593 1417 locum
611 1386 662 1417 cum
680 1371 717 1417 vel
733 1371 824 1418 modico

149 1437 254 1500 praesidio
272 1444 347 1486 tutum
369 1452 395 1484 ac
415 1452 484 1499 prope
504 1436 699 1498 inexpugnabilem
721 1435 822 1492 uidisset,

148 1503 226 1564 paucis
234 1504 258 1548 iu
266 1503 385 1549 stationem
394 1503 519 1564 proximam
528 1501 578 1547 telis
586 1503 700 1566 conjectis,
710 1501 739 1547 ad
748 1502 824 1548 Gom·

147 1568 247 1629 phorum
269 1568 385 1629 regionem
404 1581 489 1629 agmen
507 1567 589 1614 vertit:
617 1567 780 1629 degressusque
797 1567 825 1613 in

148 1645 242 1694 campos
250 1631 382 1685 Messalina,
395 1647 446 1678 cum
453 1634 502 1694 jam
510 1632 701 1678 omniaexercitui
709 1631 822 1686 deessent,

149 1696 203 1757 quia
221 1695 367 1757 Epirotarum
388 1703 517 1759 pepercerat
538 1697 605 1758 agris,
626 1697 741 1758 explorato
761 1705 822 1751 ante,

150 1769 226 1807 utrum
236 1759 363 1808 Leucadem
376 1777 405 1808 an
418 1763 492 1809 sinum
503 1760 649 1808 Ambracium
660 1761 769 1808 onerariae
788 1770 825 1808 te·

149 1826 258 1880 nuissent,
270 1825 430 1873 frumentatum
441 1827 586 1873 Ambraciam
599 1827 623 1872 in
633 1827 706 1873 ricem
718 1827 824 1873 cobortes

146 1891 225 1938 misita
244 1898 268 1938 et
284 1899 319 1938 est
332 1893 375 1938 iter
385 1907 399 1938 a
410 1891 523 1952 Gomphis
538 1890 688 1945 Ambraciam,
705 1892 763 1937 sicut
779 1891 824 1937 im-

146 1957 248 2018 peditum
259 1972 285 2004 ac
296 1957 391 2011 difficile,
403 1958 435 2004 ita
446 1957 517 2018 spatio
527 1956 635 2018 perbrevi.
665 1955 730 2003 Intra
739 1970 825 2018 paucos

148 2021 224 2081 itaque
235 2021 288 2075 dies,
301 2022 433 2068 transvectis
449 2037 463 2068 a
479 2022 535 2067 mari
552 2022 719 2074 commeatibus,
738 2021 825 2083 repleta

149 2086 211 2133 omni
231 2101 304 2132 rerum
324 2085 388 2149 copiti
404 2093 457 2133 sunt
475 2094 555 2132 castra.
591 2084 649 2132 Inde
662 2086 770 2132 Atracem
787 2094 826 2133 est

165 2150 275 2198 roiectust
295 2151 372 2198 decem
382 2151 454 2198 ferme
469 2151 538 2197 millia
553 2152 580 2197 ab
591 2148 683 2198 Lanuui
695 2152 772 2197 abente
792 2165 824 2198 ex

148 2167 278 2264 i³errbaebii
288 2217 375 2263 oriundi
387 2225 455 2263 suut:
475 2217 517 2262 sita
527 2223 562 2262 est
578 2217 630 2262 urbs
640 2231 707 2278 super
718 2211 823 2263 Peneum

149 2297 247 2329 arnum.
282 2281 347 2328 Nihil
357 2279 496 2344 trepidavere
506 2281 609 2328 Thessali
625 2281 653 2327 ad
667 2281 765 2342 primum
781 2281 824 2328 sd-

148 2354 242 2394 ventum
257 2346 421 2394 Romanorum.
458 2347 492 2394 Et
502 2346 627 2408 Philippus,
644 2347 702 2392 sicut
712 2347 736 2391 iu
746 2345 824 2393 Thes-

145 2412 226 2458 saliam
242 2413 290 2473 ipse
300 2412 405 2473 progredi
422 2426 468 2457 uon
486 2411 587 2463 audebat,
606 2412 653 2465 ita,
663 2411 722 2457 intra
733 2410 824 2473 Tempe

145 2476 236 2522 stativis
246 2477 331 2538 positis,
348 2483 374 2522 ut
387 2477 483 2537 quisque
497 2477 561 2522 locas
572 2477 600 2523 ab
610 2477 675 2522 hoste
685 2477 822 2532 tennlntur,

146 2539 252 2600 praesidia
261 2555 301 2601 per
312 2541 440 2588 occasiones
451 2542 601 2588 submittebat

145 2619 147 2623 ·
182 2601 253 2648 XVI.
273 2606 321 2652 Sub
330 2605 389 2652 idem
399 2605 448 2652 fere
458 2613 554 2668 tempus,
566 2621 613 2667 quo
623 2606 703 2653 consul
712 2606 823 2654 adversus

148 2665 277 2730 Philippum
288 2671 384 2733 primurn
391 2671 423 2717 tn
437 2669 503 2735 Epiri
512 2670 614 2721 nunnus
620 2679 694 2720 castra
702 2672 786 2737 posim,
797 2678 825 2719 at
844 2718 848 2724 ,

22 2791 78 2844 Ι
