1867 2925
183 147 214 196 s.
227 143 384 198 murina
397 143 553 196 xxxvnn
569 144 685 198 cmo
721 151 772 217 sos

97 275 771 406 ilffifflffllffidfflldffi

97 405 178 454 diariae
188 408 260 454 Attali
271 408 337 470 regis,
353 421 391 453 eas
406 421 485 453 omnes
498 407 597 467 vectigal
609 407 706 467 pendae
719 407 779 456 Eis--

99 472 163 517 meni
181 473 310 533 jusserunt:
337 470 467 518 nominatim
487 477 596 532 praeterea
614 469 767 532 Colophoniis,

97 535 175 594 quiin
186 535 256 582 Notio
267 537 373 588 habitant,
389 543 412 582 et
428 533 536 596 cyneis,
552 541 576 582 et
589 534 717 595 Mylasenis
726 537 769 582 im·

98 601 233 647 munitatem
249 606 414 648 concesserunt·
442 597 600 652 Clazomeniis,
612 614 678 660 super
687 600 771 647 immu-

99 663 199 718 nitatem,
217 671 242 712 et
257 665 397 725 Drymussam
413 663 509 710 insulam
524 663 584 710 dono
600 662 724 722 dederunt3
746 673 771 714 et

99 725 206 782 Milesiis,
218 745 283 789 quem
294 729 386 776 Sacrum
393 729 511 789 appellant,
523 742 601 788 mmm
611 729 769 790 restituerunt3

97 798 124 838 et
135 791 254 840 Iliensibus
264 793 387 841 Rhoeteum
396 800 419 838 et
428 792 564 853 Gergithum
572 791 710 846 addiderunt,
722 808 769 843 non
828 790 830 799 ¹

98 860 146 904 tam
158 858 187 903 ob
198 859 294 904 recentia
304 859 348 906 ulla
356 857 441 910 merita,
454 871 522 916 quam
530 856 643 918 originum
651 856 766 906 memorii.

98 919 189 968 Eadem
200 930 223 968 et
234 922 366 969 Dardanum
375 921 479 968 liberandi
488 919 611 970 caussfuit
633 918 704 968 Chios
710 933 769 982 quo·

96 999 153 1044 que,
169 993 193 1031 et
208 987 345 1046 Smymaeos,
362 993 392 1032 et
400 985 541 1046 Erythraeos,
556 999 598 1046 pro
608 985 715 1046 singulari
724 986 770 1034 fide

95 1063 166 1108 quarn
180 1065 207 1095 eo
222 1050 279 1096 bello
293 1052 451 1112 praestiterunt,
467 1056 493 1098 et
505 1064 560 1110 agro
573 1047 690 1102 dochum,
706 1057 730 1098 et
744 1051 769 1098 in

96 1114 163 1159 omni
176 1114 288 1176 praecipuo
301 1116 386 1162 honore
401 1115 531 1161 habueruut.
558 1111 731 1161 Phocaeensibus
743 1122 768 1164 el

99 1191 162 1238 ager,
179 1191 247 1237 quent
260 1185 312 1225 unte
325 1179 407 1224 bellum
423 1177 550 1229 habuerant,
566 1177 678 1234 redditus;
694 1186 725 1232 et,
740 1186 768 1229 ut

98 1241 186 1302 legibus
196 1243 292 1303 antiquis
303 1249 423 1294 uterentur,
435 1238 576 1302 pernnssum.
599 1241 695 1288 Rhodiis
705 1244 767 1294 atur..

96 1313 167 1359 mate,
184 1321 235 1366 quae
245 1307 296 1353 data
305 1307 379 1367 priore
389 1306 478 1352 decreto
488 1311 566 1361 erant;
583 1303 655 1365 Lycia
664 1313 688 1352 et
699 1305 767 1356 caris

77 1391 83 1404 ¹
98 1370 158 1416 nato
165 1386 235 1430 usque
242 1372 270 1417 nd
278 1370 421 1418 Maeandrum
427 1384 523 1421 munem,
531 1369 764 1429 praeterTelmissum.

96 1433 162 1495 Regi
179 1435 282 1485 Eumeni.
292 1433 457 1497 Chersonesum
473 1433 496 1482 in
513 1431 644 1495 Europiet
660 1432 766 1496 Lysima-

95 1500 180 1553 chiam,
196 1500 292 1553 castella,
309 1500 377 1553 vicos,
394 1512 467 1560 egros,
484 1498 562 1559 quibus
573 1496 653 1545 finibus
663 1506 766 1549 tenuem

94 1564 233 1617 nouenos,
246 1564 388 1611 ad'ecerunts·
404 1564 427 1609 in
438 1560 495 1610 nsit
505 1562 627 1624 Phrygiam
639 1570 764 1626 utramque,

96 1628 203 1692 (alteram
214 1629 242 1675 ad
280 1630 433 1690 ellespontum,
448 1628 556 1688 majorem
569 1628 660 1677 altesatn
670 1628 765 1691 vocant)

93 1700 122 1739 ¹st
135 1692 242 1754 Mysiam,
259 1709 324 1754 quom
337 1692 428 1739 Prusias
439 1706 480 1737 rex
493 1691 610 1746 ademerat,
626 1692 648 1739 ei
662 1694 766 1741 testime-

92 1765 153 1805 ·runt
159 1774 167 1815 ;
185 1766 207 1804 et
218 1756 363 1818 Lycaoniam,
376 1764 402 1803 et
412 1755 521 1815 Milyada,
536 1763 561 1802 et
570 1755 674 1817 Lydiam,
690 1764 714 1803 et
723 1773 767 1805 no-

94 1822 200 1869 nunetim
209 1823 273 1869 urbes
281 1821 375 1874 Tralles,
384 1828 450 1881 atque
456 1820 579 1881 Ephesum,
589 1829 612 1867 et
619 1820 764 1872 Telmissurn.

91 1885 140 1933 ¹De
154 1884 288 1948 Pamphylii
301 1886 446 1947 disceptatum
460 1885 519 1931 inter
534 1883 661 1931 Eumenen
676 1892 700 1933 et
714 1886 767 1933 An-

93 1951 167 1997 nocui
182 1951 268 2012 legatos
284 1966 335 1997 cum
349 1956 422 2007 essen
442 1948 494 2010 quia
505 1957 557 2010 pars
572 1950 620 2010 ejus
629 1948 696 2003 eitra,
712 1966 765 2012 pera

93 2016 160 2061 -ultra
168 2014 269 2061 Taurum
279 2022 320 2067 est,
332 2015 419 2076 integra
429 2029 465 2060 res
475 2013 504 2061 ed
514 2021 615 2062 senatum
626 2013 730 2075 rejicitur.

92 2102 95 2109 .
133 2078 188 2125 XL.
215 2079 261 2126 His
279 2079 398 2127 soederibus
416 2078 554 2138 decretisque
571 2078 634 2131 datIs,
655 2077 765 2135 Manlius,

91 2158 152 2192 -eum
161 2144 239 2191 decem
247 2145 327 2205 legatis
335 2142 440 2203 omnique
447 2142 583 2189 exercituad
590 2141 765 2203 Hellespontum

91 2208 220 2271 proiectus,
231 2209 329 2256 euocatis
340 2224 366 2255 eo
378 2208 460 2269 regulis
469 2206 594 2259 Gallorum,
605 2206 674 2268 leges,
686 2207 766 2267 quibus

91 2288 176 2335 pacem
188 2288 239 2319 cunr
250 2272 354 2319 Eumene
362 2278 483 2332 seruarent,
495 2270 563 2328 disin
575 2271 765 2333 denuntiauitque,

92 2346 125 2389 ,ut
141 2353 226 2385 morem
243 2338 338 2399 vagandi
353 2352 404 2383 cum
421 2336 489 2383 annis
504 2334 600 2388 finirent,
617 2350 768 2397 agrorumque

91 2418 192 2451 «suorum
202 2402 302 2449 terminis
313 2417 338 2448 se
348 2402 494 2447 continerent.
517 2398 644 2449 Contractis
652 2400 731 2448 deinde
738 2415 769 2451 eu

90 2467 162 2515 :omni
172 2466 213 2520 ori
220 2468 318 2520 navibus,
332 2474 355 2513 et
366 2466 475 2512 Eumenis
486 2465 552 2511 Mum
563 2464 635 2511 classe
644 2480 684 2525 per
694 2464 768 2520 Athe-

31 2541 34 2547 '
90 2546 175 2583 nraeum
185 2530 276 2579 fratrem
287 2531 347 2593 regis
359 2531 390 2578 'ah
403 2527 470 2577 Elaes
483 2527 584 2582 adducti,
599 2528 675 2589 copias
689 2544 769 2582 omnes

91 2597 122 2645 ln
135 2595 250 2657 Europam
261 2596 354 2659 trajecit
375 2592 439 2647 Inde,
451 2610 491 2655 per
502 2591 667 2641 Chersonesum
675 2594 769 2640 modicis

88 2660 214 2723 junioripus
228 2675 297 2723 grase
308 2657 384 2724 predi
395 2659 468 2709 omnis
474 2658 569 2722 generis
577 2659 767 2729 agmentrslseny

132 2728 186 2771 von'.
199 2738 231 2771 tv,
497 2726 545 2772 ΞΜ
