1867 2925
212 132 241 180 Τ.
255 130 344 182 LIVII
360 134 414 182 Lis.
427 132 543 183 XXXII.
563 133 623 185 Cu.
637 136 661 185 7.
735 136 768 183 ⁵⁷

98 268 147 308 mm
157 264 246 311 tenebat
252 282 261 321 ς
278 281 329 326 quae
339 265 414 312 minus
430 274 481 313 tuta
495 273 565 320 erent,
582 266 627 313 alia
638 266 714 320 fossis,
726 266 769 314 olis

99 327 330 381 vullisaliaturribus
344 332 465 378 muniebat.
501 331 767 393 Magnatormeotorum
814 372 821 387 ,

95 390 161 438 etiam
172 395 213 447 vis,
227 402 253 441 ut
264 396 383 443 missilibus
398 388 477 459 procul
491 403 593 443 arcerent
606 397 702 449 bostem,
718 396 768 442 ido·

94 457 207 505 neislocis
219 460 328 522 disposita
345 468 387 509 est.
422 461 601 509 Tebemaculum
620 462 707 523 regium
725 476 768 523 pro

93 522 158 576 vallo,
183 525 207 569 in
230 534 350 587 conspecto
371 526 470 573 maxime
493 526 588 579 tumulo,
611 535 637 571 ut
658 533 767 573 terrorem

91 585 198 642 hostibus,
217 591 307 651 suisque
322 606 385 655 spem
402 606 431 637 ex
443 590 525 638 fiducia
538 591 630 645 faceret,
647 590 753 651 positum.

122 648 169 699 VI.
189 653 285 708 Consul,
297 672 337 718 per
349 655 479 718 Charopum
495 656 607 718 Epiroten
622 654 767 701 certiorne

90 723 132 771 tus,
145 733 204 778 quos
222 721 292 766 saltus
302 737 353 767 cum
366 722 465 767 exercitu
476 722 594 768 insedisset
605 735 651 774 rex,
670 727 694 766 et
711 720 766 781 ipse,

90 796 139 828 curn
153 782 265 845 Corcyrae
276 784 419 840 hibernbsset,
432 802 486 833 vere
493 787 566 848 primo
576 786 601 831 in
611 786 766 832 continentem

90 850 203 911 trajectus,
217 849 247 895 ad
258 851 346 897 bostem
362 851 444 897 ducere
459 852 541 913 pergit.
578 850 684 911 Quinque
695 851 765 897 millia

89 910 160 962 ferme
177 915 205 960 ab
222 915 291 976 regiis
306 916 385 962 castris
398 932 450 962 cum
461 918 556 967 abesset,
568 916 620 961 loco
631 914 719 960 munito
730 930 767 961 re-

89 975 147 1024 lictis
164 978 299 1039 legionibus,
316 981 364 1042 ipse
382 996 434 1027 cum
456 981 567 1042 expeditis
585 994 719 1041 progressus
737 978 767 1025 od

23 1092 24 1095 ,
90 1043 227 1103 speculan&
243 1044 298 1097 loca,
311 1052 401 1106 postero
413 1046 448 1091 die
459 1046 578 1091 consilium
589 1045 672 1097 babuit,
690 1051 766 1090 utrum

23 1130 24 1141 π
91 1122 129 1168 per
139 1108 255 1154 insessum
271 1111 299 1155 ab
313 1110 378 1156 hoste
395 1110 484 1164 saltum,
502 1124 637 1170 quamquam
652 1110 715 1155 labor
730 1109 767 1155 in·

23 1210 24 1231 ,
91 1186 148 1233 gens
158 1172 329 1235 periculumque
338 1182 507 1236 proponeretur,
519 1175 637 1221 transitum
652 1181 766 1232 tentaret3

23 1242 24 1251 ¹
90 1252 119 1283 an
135 1238 219 1284 eodem
237 1239 322 1292 itinere,
341 1254 386 1299 quo
402 1240 476 1300 priore
491 1254 551 1286 anno
563 1239 674 1301 Sulpicius
685 1238 766 1285 Mace-

23 1330 25 1341 «
90 1302 182 1349 doniam
193 1304 323 1357 intraverat,
335 1304 511 1351 circumduceret
521 1304 603 1366 copies.
641 1301 695 1349 Hoc
711 1318 767 1349 con-

23 1380 25 1421 ὲ
88 1366 164 1413 silium
184 1384 226 1429 per
245 1368 328 1415 multos
347 1370 394 1415 dies
413 1369 507 1431 agitanti
527 1370 620 1416 nuntius
640 1369 711 1420 venit,
734 1366 763 1415 T.

87 1430 222 1486 Quintium,
240 1434 355 1482 consulem
365 1433 457 1489 factum,
472 1434 621 1495 sortitumque
629 1432 767 1496 provinciam

88 1495 261 1552 Mooedoniam,
278 1507 389 1546 maturato
406 1501 486 1547 itinere
497 1502 546 1563 jam
559 1498 683 1560 Corcyram
699 1499 766 1560 traJe·
799 1506 805 1512 “

88 1563 154 1609 cisse.
192 1563 298 1611 Valerius
308 1565 391 1612 Antias
405 1563 501 1612 intrbsse
515 1566 598 1611 saltum
608 1563 704 1610 Villium
720 1571 767 1609 tra-

25 1641 26 1644 *
89 1627 131 1680 dit,
143 1629 198 1689 quia
208 1637 271 1676 recto
282 1629 362 1676 itinere
378 1631 494 1690 nequierit,
513 1630 616 1676 omnibus
631 1645 646 1676 a
659 1645 714 1691 rege
729 1629 766 1674 in-

90 1693 166 1746 sessis,
181 1701 284 1740 secutum
294 1695 382 1747 vallem,
394 1710 434 1756 per
444 1711 512 1756 quam
519 1695 614 1741 mediam
623 1694 694 1741 fertur
699 1694 767 1740 Aous

25 1799 26 1816 ,
87 1759 182 1805 amnis:
200 1767 271 1820 ponte
282 1761 361 1821 raptim
377 1759 444 1813 fecto,
464 1761 489 1806 in
502 1762 581 1822 ripam,
602 1759 626 1804 in
643 1756 687 1819 qula
701 1764 766 1804 erant

90 1831 165 1870 castra
184 1825 253 1885 regis,
280 1832 445 1886 transgressum
461 1826 509 1872 acie
525 1824 667 1872 conflixisse:
688 1822 766 1869 fissum

87 1886 242 1950 fugatumque
252 1905 336 1951 regem,
351 1889 429 1936 castris
440 1898 547 1938 mutum:
566 1889 683 1936 duodecim
697 1887 767 1934 millia

24 1977 26 2012 ;
89 1952 192 2000 bostium
203 1970 231 2000 eo
241 1954 321 2016 proelio
330 1969 394 2008 oaess,
407 1963 472 2016 napta
482 1956 527 2001 ‹luo
535 1955 605 2000 millia
614 1962 637 2000 et
648 1953 765 2006 ducentos,

25 2019 26 2062 l
91 2024 115 2064 et
125 2018 192 2080 signa
202 2019 306 2066 militaria
313 2026 404 2066 centum
413 2021 505 2082 triginta
513 2020 565 2074 duo,
578 2034 648 2079 equos
656 2019 766 2065 ducentos

25 2095 26 2102 ¹
89 2083 200 2144 triginta:
220 2084 292 2130 aedem
310 2085 377 2130 etism
392 2083 446 2132 Jovi
462 2085 486 2130 in
501 2101 529 2130 eo
544 2084 625 2146 proelio
643 2091 728 2136 votam,
746 2082 766 2127 si

93 2162 129 2193 res
145 2164 253 2211 prospere
266 2157 332 2211 gesta
348 2157 414 2196 esset.
450 2147 535 2197 Ceteri
549 2149 626 2196 Graeci
643 2148 766 2206 Intinique

93 2219 203 2266 suctores,
220 2229 317 2274 quorum
328 2215 417 2274 quidem
427 2230 472 2275 ego
481 2215 527 2276 legi
538 2214 636 2266 annales,
649 2213 705 2258 nibil
717 2225 767 2256 me-

93 2280 225 2325 morabiles
241 2279 309 2325 Villio
325 2287 408 2331 ectum,
428 2281 587 2341 integrumque
604 2279 687 2325 bellum
705 2276 767 2320 inse·

92 2352 199 2403 quentem
209 2345 326 2390 consulem
336 2343 366 2390 T.
379 2343 498 2397 Quintium
509 2345 627 2405 accepisse,
639 2341 739 2388 tradunt.

25 2411 26 2476 l
126 2406 186 2454 VII.
206 2408 271 2455 Dum
291 2410 340 2456 haec
356 2408 379 2454 in
397 2409 533 2456 Macedonia
547 2415 664 2470 geruntur,
685 2403 766 2450 consul
816 2418 819 2424 ’

91 2472 148 2520 alter
167 2473 197 2518 L.
217 2473 337 2527 Lentulus,
360 2474 399 2534 qui
418 2474 502 2520 Romae
519 2473 654 2522 substiterat,
675 2468 767 2514 comitia

91 2539 222 2584 censoribus
233 2539 334 2585 creandis
348 2539 432 2584 babuit.
467 2538 550 2583 Multis
561 2534 626 2580 cleris
640 2532 767 2593 petentibus

93 2603 153 2655 viris,
170 2604 240 2649 creati
258 2617 363 2649 censores
378 2602 406 2648 P.
421 2600 542 2649 Cornelius
558 2597 633 2656 Scipio
646 2595 768 2642 Africanus

92 2675 115 2716 et
126 2666 156 2716 P.
167 2667 244 2716 AElius
255 2667 344 2716 Paetus.
379 2666 421 2722 Hi,
433 2663 519 2728 magui
532 2664 591 2710 inter
605 2675 630 2708 se
640 2653 766 2711 concordii.
