1867 2925
172 160 218 206 108
266 154 296 203 Τ.
310 154 398 204 LIVlI
415 154 468 201 Ins.
480 152 607 203 XXXIH.
627 152 687 205 Cur.
702 158 737 205 16·

128 279 130 286 l
170 285 269 336 Cretera
284 286 360 347 cophe,
377 284 418 330 vix
433 284 509 347 colligi
523 284 680 345 atqueinstrui
691 300 742 331 cum
752 284 844 347 potule-

168 359 227 405 sent,
238 351 335 413 primum
345 350 443 395 hostium
452 349 561 411 impetum
570 362 615 396 nou
626 350 731 397 tulerunt.
757 349 843 396 Mase-

168 418 239 463 dones
256 422 279 461 et
295 414 393 460 maxime
410 414 511 459 omnium
525 413 653 474 frequentes
667 416 695 461 sd
709 416 774 477 signa
787 414 842 461 luc-

166 488 225 534 rant,
243 487 266 526 et
280 478 317 525 diu
332 478 449 540 ancipitem
463 479 564 525 victoriae
579 494 640 541 spem
651 478 766 526 ieceruntr
783 494 843 541 pos-

167 554 247 599 tremo,
265 541 322 606 iugi
337 550 470 589 caeterorum
488 544 571 597 nudati,
590 547 653 607 (cum
662 544 712 591 duae
718 547 766 607 jam
776 544 842 591 aden

166 611 266 659 hostium
276 623 306 655 ex
313 608 408 661 diverso,
426 608 482 653 levis
492 616 603 655 armatura
610 610 638 655 ab
647 610 722 663 latere,
740 610 840 671 clypeati

72 679 74 694 '
166 676 289 734 cetratique
307 688 323 735 a
338 672 413 719 fronte
430 670 548 734 urgerent)
565 680 588 720 et
606 674 655 734 ipsi,
679 690 704 720 re
721 672 838 727 inclinati,

165 741 240 803 primo
250 734 346 784 testere
356 737 448 799 pedem:
467 737 547 784 deinde
556 738 645 799 impulsi
656 746 719 801 terga
730 746 839 796 vertuut3

166 814 191 852 et
206 804 312 866 plerique,
329 802 419 864 abjectis
435 802 509 855 aruris,
527 801 588 849 nulli
607 818 646 863 spe
662 812 785 850 uestrorum
802 810 840 850 te-

164 869 291 917 nendorum
301 864 385 920 relicti,
395 865 530 915 Corinthum
538 868 655 929 petierunt.
683 868 838 922 incontritus,

164 933 307 982 mercenariis
323 931 429 977 militibus
442 932 471 977 sd
485 932 526 978 hos
537 934 707 993 persequendos,
725 934 840 993 equitibus

127 1051 129 1056 ,
165 1000 325 1057 Thracumque
334 996 422 1043 auxiliis
431 997 455 1042 in
465 996 607 1057 populatores
618 998 665 1059 egri
675 998 773 1058 Sicypnii
781 996 841 1043 mis·-

166 1066 204 1117 sis‚
216 1077 322 1123 magnam
333 1061 449 1121 utrobique
456 1062 542 1107 eaedem
550 1061 617 1107 edidit
625 1079 631 1119 ;
643 1064 749 1125 majorem
757 1078 839 1124 prope,

165 1142 234 1189 quarn
248 1128 272 1172 in
288 1126 368 1187 proelio
382 1126 438 1187 ipso.
474 1125 513 1172 Ex
522 1126 550 1172 iis
560 1142 655 1187 quoqne,
673 1128 711 1187 qui
727 1126 838 1173 Pellenen

165 1192 317 1252 Phliuntaque
324 1190 450 1252 depopulati
457 1200 528 1245 erant,
537 1191 678 1252 incompositi
684 1192 772 1253 partim,
786 1207 839 1238 om-

165 1259 272 1319 niumque
281 1255 361 1317 ignari,
373 1256 402 1303 ad
412 1262 484 1303 costra
494 1263 637 1309 revertentes,
649 1256 673 1301 in
681 1256 778 1303 hostium
790 1265 840 1304 sta·

164 1325 245 1376 tiones,
262 1330 375 1381 umquem
386 1322 409 1366 in
421 1335 479 1373 suas,
496 1320 550 1366 illati
562 1328 628 1377 sunt;
644 1322 732 1381 partim,
750 1336 779 1367 ex
790 1322 840 1369 dis-

164 1396 233 1436 cursu
243 1388 273 1440 id,
291 1386 350 1447 quod
360 1393 414 1438 erat,
432 1384 543 1445 suspicati,
555 1385 621 1431 ite-se
631 1385 654 1430 in
664 1385 740 1447 fugem
751 1388 840 1448 passim

165 1459 297 1517 sparserant,
322 1458 348 1497 ut
365 1452 393 1497 ab
408 1450 462 1511 ipsis
480 1450 604 1512 agrestibus
622 1459 720 1498 errantes
739 1451 840 1499 circum-

165 1520 300 1565 venirennrr.
336 1514 473 1564 Ceciderunt
491 1531 518 1562 eo
537 1515 573 1561 die
588 1516 649 1562 mille
667 1523 689 1562 et
708 1515 837 1578 quingenti,

165 1583 224 1644 capti
234 1581 335 1628 trweuti.
369 1580 457 1626 Achaia
467 1581 540 1626 omnis
551 1593 634 1642 magno
645 1581 735 1627 liberata
745 1589 817 1628 metu.

197 1645 269 1692 xvl.
289 1644 421 1704 Priusquam
440 1645 581 1691 dimicaretur
600 1646 628 1691 ad
644 1643 837 1707 Cynoscephalas,

165 1712 195 1760 L.
207 1711 323 1765 Quintius,
342 1708 469 1770 Corcyram
480 1710 559 1755 excitis
574 1710 717 1756 Acarnanum
728 1712 837 1774 principi.

162 1780 213 1830 hus,
230 1791 282 1837 quae
299 1775 346 1820 sols
364 1775 462 1821 Graeciae
478 1775 579 1837 gentium
594 1775 617 1820 in
633 1776 738 1822 societate
753 1775 838 1824 Mace-

163 1843 248 1890 donum
266 1846 385 1891 msnserat,
401 1839 489 1886 initium
506 1839 616 1900 quoddam
633 1840 662 1885 ibi
679 1840 754 1886 motils
769 1839 835 1888 iecit.

164 1907 228 1955 Duae
238 1914 313 1952 autem
324 1904 421 1951 maxime
431 1919 505 1950 csusae
519 1919 558 1950 eos
567 1911 686 1950 tenuerunt
699 1905 722 1950 in
737 1905 840 1954 smidstt

164 1972 239 2032 regis3
256 1985 301 2017 una
310 1969 365 2016 tides
376 1969 442 2015 insita
455 1969 526 2030 genti,
544 1969 612 2015 alteru
626 1976 698 2015 metus
714 1970 838 2031 odiumque

162 2035 301 2084 AEtolorum.
337 2033 463 2082 Concilium
476 2033 603 2080 Leucadem
613 2033 719 2080 indictum
729 2042 771 2080 est
795 2035 837 2082 Eo

163 2115 237 2161 neque
252 2100 326 2145 cuncti
340 2095 467 2145 convenire
480 2097 624 2144 Acamsnum
639 2099 728 2160 populi;
746 2109 788 2146 nec
799 2102 836 2162 ip-

162 2167 201 2218 sis,
219 2165 257 2224 qui
267 2170 425 2215 convenerant,
443 2163 500 2209 idem
515 2163 610 2224 placuit:
631 2163 706 2210 sedet
722 2165 836 2227 principes

161 2238 186 2278 et
204 2230 348 2291 magistratus
368 2228 517 2288 pervicerunt,
546 2235 571 2273 ut
589 2227 699 2289 privatum
718 2229 834 2276 decretum

163 2295 276 2342 Romanae
286 2293 398 2339 societatis
411 2291 482 2338 lieret.
518 2291 545 2338 Id
560 2307 644 2346 omnes.
663 2295 699 2354 qui
708 2293 832 2348 abluerant,

162 2374 225 2421 aegre
235 2359 308 2420 passi3
325 2365 348 2404 et
358 2358 381 2402 in
393 2358 435 2402 hoc
445 2356 536 2403 fremitu
546 2359 620 2418 gentis
631 2373 644 2403 e
656 2355 759 2419 Philippo
770 2359 834 2407 missi

161 2424 207 2470 duo
218 2425 328 2485 principes
339 2422 490 2474 Acarnanum,
508 2421 634 2467 Androcles
644 2429 667 2467 et
680 2423 832 2479 Echedemus,

162 2501 208 2532 non
219 2488 246 2532 sd
261 2487 383 2534 tollendum
394 2485 462 2530 modo
473 2485 586 2532 decretum
598 2487 709 2533 Romanae
720 2489 836 2538 societatis

161 2551 286 2605 valuerunt,
304 2551 344 2598 sed
360 2550 427 2596 etiam
445 2557 471 2595 ut
486 2550 610 2598 A'raheli'us
625 2559 648 2597 et
662 2551 754 2605 Bianor,
770 2555 836 2615 prin-

160 2615 222 2674 cipes
232 2617 307 2676 gentis
318 2616 389 2667 umbo,
407 2614 467 2674 quod
478 2622 580 2661 suctores
591 2617 639 2678 ejus
650 2617 766 2664 sententie
776 2617 836 2665 liris-

162 2685 219 2734 sent,
231 2679 362 2742 proditionis
372 2680 396 2727 in
407 2677 502 2729 concillo
512 2679 676 2740 damnarentur,
690 2689 714 2732 et
724 2681 837 2735 husius
