1867 2925
152 175 202 221 so
242 169 271 218 r.
286 141 375 218 arun
392 169 600 229 nnxxxvu
620 168 681 222 co».
695 172 735 218 ει.

151 303 233 352 flamen
250 301 373 356 eririnalis
385 301 517 356 Sardiniam,
535 301 567 356 Q,
581 301 665 348 Folius
679 299 759 348 Iabee
773 301 832 349 ens·

152 383 208 422 sem,
221 367 257 414 L:
262 367 365 414 Plautius
377 365 496 428 Hypsaeus
505 367 638 429 Hispaniam
649 367 786 418 citaiorem,
798 365 828 412 L.

152 433 246 480 Baebius
258 431 333 479 Dives
349 431 482 494 Hispaniam
499 433 633 479 ulteriorem·
671 431 756 479 Sieiliae
770 431 831 493 legio

152 513 198 546 una
213 506 236 545 et
251 499 335 550 elassis,
353 513 404 557 quae
415 498 438 542 in
449 495 477 543 ed
487 496 602 558 provincii
611 504 666 549 eret,
685 497 791 553 decretu
808 503 832 542 et

96 611 99 618 Δ
153 571 183 610 ut·
198 564 252 610 dues
272 563 376 609 decumas
393 561 501 608 frumenti
520 578 595 609 novus
612 569 696 623 praetor
712 562 833 623 imperaret

155 629 250 685 Siculis3
268 641 343 674 earum
360 628 452 674 alteram
468 628 492 672 iu
508 628 595 679 Asiam,
613 627 705 673 aiteram
721 627 746 672 in
762 625 831 672 AEto-

153 694 207 745 liam
218 694 323 740 mitteret
344 691 407 738 Idem
419 694 446 739 ab
455 693 532 739 Sardis
541 692 610 754 exigi,
623 700 690 752 atque
700 692 729 736 ad
740 692 831 738 eoeden

153 759 265 806 exercitus
276 758 298 804 id
313 757 458 810 frumentum,
477 757 505 804 ad
520 773 577 818 quos
593 757 700 808 Siculum,
719 756 831 817 deportari

149 825 248 887 jussum.
285 821 313 872 L.
329 822 407 868 Baebio
419 823 598 884 supplementum
610 823 633 867 in
645 820 783 883 Hispaniam
793 822 832 868 da·
923 866 924 873 ,

154 897 202 936 trun
218 889 279 934 mille
294 883 393 934 Romani
409 887 501 950 pedites,
520 889 605 947 equites
620 887 793 948 quinquaginta,
810 895 833 934 et
923 902 924 919 2

155 967 196 1002 sex
213 954 281 1000 millia
297 953 396 1014 peditum
415 953 490 999 Latini
508 952 612 1005 nominis,
631 952 720 998 ducenti
736 953 829 1012 equites.

156 1017 246 1066 Plautio
263 1017 367 1079 Hypsaeo
382 1019 405 1063 in
418 1017 553 1079 Hispaniam
568 1017 693 1063 citeriorem
709 1017 773 1062 mille
783 1017 833 1063 Ro-

155 1084 216 1132 mani
227 1083 272 1130 dati
283 1090 336 1128 sunt
346 1081 438 1143 pedites,
457 1083 501 1129 duo
516 1082 585 1128 millia
600 1082 685 1128 socidm
698 1079 778 1128 latini
792 1097 834 1128 no-
923 1118 924 1141 ,

155 1149 229 1201 minis,
247 1155 271 1193 et
285 1147 375 1194 ducenti
391 1149 491 1208 equites:
511 1163 563 1194 cum
577 1147 613 1193 his
629 1146 792 1208 supplementis
804 1156 834 1194 ut
923 1146 924 1183 ἶ

156 1213 257 1275 singulas
274 1213 375 1274 legiones
392 1213 443 1258 duae
461 1211 579 1274 Hispaniae
594 1213 723 1258 haberent·
748 1209 834 1260 Prioris

156 1279 208 1327 anni
219 1277 392 1340 magistratibus,
412 1276 440 1326 C.
453 1275 526 1324 Laelio
541 1293 592 1322 cum
609 1292 649 1323 suo
664 1278 765 1323 exercitu
781 1294 833 1340 pro-

127 1347 129 1350 ’
157 1351 262 1406 rogatum
273 1344 296 1389 in
308 1357 391 1389 annum
407 1344 524 1404 imperium
540 1350 588 1388 est:
607 1349 756 1404 prorogatum
767 1350 792 1389 et
802 1343 831 1390 P.

156 1409 227 1459 Junio
241 1408 372 1472 propraetori
383 1405 406 1454 in
418 1405 519 1462 Etrurii,
536 1422 587 1453 eum
599 1422 627 1454 eo
642 1407 744 1454 exercitu
758 1409 798 1469 qui
810 1410 835 1455 ia
855 1419 857 1422 '
923 1456 924 1464 ,

157 1473 273 1587 propinclid
283 1482 356 1531 esset;
374 1481 396 1520 et
408 1472 444 1520 M.
455 1472 542 1519 Tuccio
554 1474 685 1535 propraetori
700 1473 724 1518 in
736 1473 834 1523 Bruttiis
923 1521 924 1540 ,

158 1548 182 1587 et
216 1557 246 1601 pu
255 1538 302 1584 ia
330 1562 332 1567 v
819 1556 823 1562 ·

190 1602 234 1651 LL
254 1602 389 1663 Priusquam
404 1605 428 1649 in
442 1603 569 1664 provincias
579 1611 687 1665 pretores
698 1604 765 1657 irent,
785 1620 834 1652 ser.
923 1595 924 1618 ¹

157 1678 233 1720 temen
243 1668 302 1714 inter
314 1666 340 1713 P.
355 1667 468 1715 Licinium
480 1667 607 1729 pontificem
618 1669 743 1714 maximum
757 1668 802 1717 fuit
812 1678 836 1718 et

160 1734 193 1789 Q.
212 1728 305 1780 Fabium
326 1731 440 1779 Pictorem
460 1733 573 1779 flaminem
594 1731 743 1788 Quirinalem,
767 1736 836 1795 quale

156 1807 246 1865 patrum
264 1798 371 1844 memorii
387 1798 445 1843 inter
463 1796 491 1843 L.
511 1796 631 1844 Metellum
648 1805 672 1844 et
690 1797 836 1849 Postumium

158 1865 267 1912 Albinum
284 1863 363 1909 iuerat.
400 1860 524 1910 Consulem
538 1862 610 1915 illum,
627 1878 680 1908 cum
696 1862 724 1911 C.
741 1863 835 1913 Lutatio

160 1928 247 1991 collegit
261 1930 284 1973 in
301 1927 398 1975 Siciliam
410 1928 438 1972 ed
449 1927 543 1972 classem
554 1926 740 1989 proficiscentem,
759 1930 789 1976 ad
800 1946 837 1978 sa-
923 1929 924 1988 l

159 2010 198 2041 era
209 1995 329 2041 retinuerat
341 1991 449 2039 Metellus
461 1991 563 2053 pontilex
573 1993 700 2049 maximus;
711 2002 835 2054 praetorem
923 1995 924 2016 ¹

158 2061 227 2113 hune,
250 2074 278 2104 ne
296 2059 319 2105 in
341 2058 463 2105 Sardiniam
483 2056 666 2118 proficisceretur,
685 2057 713 2103 P.
731 2058 836 2107 Licinius

55 2174 64 2187 ⁸
108 2148 118 2155 -
159 2124 240 2171 tenuit.
275 2122 308 2169 Et
325 2123 348 2167 in
366 2130 451 2175 senatu,
470 2130 493 2168 et
509 2122 536 2168 ad
551 2124 666 2185 populum,
675 2124 765 2185 maguis
780 2141 837 2173 con-

158 2188 295 2237 tentionibus
314 2195 421 2233 certatum
443 2196 492 2243 est3
512 2198 535 2233 et
553 2188 645 2249 imperia
664 2188 756 2235 inhibita
776 2192 838 2238 ultro

159 2255 266 2314 citroque,
284 2259 308 2299 et
318 2252 412 2313 pignora
422 2260 494 2313 capta,
509 2259 532 2297 et
542 2253 620 2298 multae
631 2253 705 2307 dictae,
717 2262 741 2299 et
753 2255 838 2302 trr'buui

158 2318 268 2379 appellati,
282 2326 305 2363 et
315 2327 461 2377 provocatum
472 2316 501 2363 ad
511 2318 618 2378 populum
629 2324 670 2365 est.
706 2318 801 2381 Religio
808 2320 838 2367 ed

158 2390 298 2442 postremum
314 2382 373 2432 vicit,
393 2388 418 2426 ut
432 2381 492 2427 dicto
503 2382 594 2428 audiens
605 2389 664 2427 esset
678 2380 762 2429 flamen
777 2400 837 2446 pou-

158 2444 228 2501 tiliei;
245 2454 268 2492 et
282 2446 361 2491 multe
375 2460 403 2491 ex
414 2446 481 2505 jussu
497 2447 572 2507 populi
588 2447 694 2492 remissae.
731 2446 771 2493 trs
780 2465 837 2511 pro-

159 2507 240 2553 vinciae
257 2518 340 2571 ereptae
355 2518 474 2571 praetorem
493 2512 624 2571 magistratu
639 2512 741 2573 addicere
756 2528 782 2559 se
796 2529 836 2562 eo·

157 2576 250 2619 nantem
270 2572 348 2620 Patres
366 2574 497 2621 auctoritate
514 2574 555 2621 suti
573 2576 743 2633 deterruenrnt3
761 2585 793 2631 et,
809 2588 836 2625 et
923 2607 924 2610 =

152 2632 193 2691 jus
201 2632 398 2699 interperegrinos
408 2639 499 2692 diceret,
511 2640 665 2687 decreveram.
699 2638 836 2689 Dm
923 2685 924 2692 ,

159 2694 238 2752 deinde
252 2698 311 2748 intra
323 2716 408 2763 paucos
426 2703 473 2751 dies
488 2705 574 2767 (neque
590 2704 651 2753 emm
668 2704 733 2752 multi
750 2706 836 2757 milites
923 2773 924 2778 ¹
