1867 2925
151 161 200 204 930
254 147 388 199 ⁶1¹.less
405 147 458 196 Ins.
472 146 583 195 XXXV·
603 145 664 197 Cas.
678 144 718 194 86.

149 287 189 350 jus
198 281 254 346 fugi
264 279 375 344 oausdque
383 279 446 342 iugae
456 285 509 327 ante
519 243 603 325 dictim
613 274 668 337 est),
679 276 732 338 quia
741 273 828 322 raditis

153 351 178 396 in
196 350 290 411 patriam
311 345 373 393 nulla
394 359 445 407 spes
465 345 509 392 alia
528 350 583 397 erat,
607 342 701 405 adjuvit.
741 339 828 388 literis

153 413 278 475 Eurylochi
287 411 393 460 admoniti
400 410 517 472 propinqui
523 409 639 469 amicique,
649 415 672 454 et
680 406 717 467 qui
724 406 828 469 ejusden

153 479 258 525 samonis
273 483 343 530 erant,
360 476 441 525 liberos
451 483 476 521 et
486 475 605 537 conjugem
616 474 664 535 ejus
675 485 726 518 cum
738 468 829 518 sordidi

154 551 225 598 veste,
242 549 345 590 tenentes
355 541 482 588 velamenta
491 540 622 601 supplicum,
640 537 770 585 concionem
779 535 829 583 sra-

152 615 260 672 qucntem
276 608 336 654 adire
348 607 436 669 jubarn,
454 605 556 666 singulos
574 604 734 664 universosque
753 601 831 648 obtes-

155 683 236 727 tantes,
249 687 278 719 ne
288 673 407 723 insontem,
420 669 572 716 indemnatum
583 681 742 715 consenescere
751 667 775 712 in
782 675 830 715 'cx-

156 739 206 786 silio
217 739 321 784 sinerent.
357 735 390 782 Et
401 735 512 797 simplices
522 734 625 780 homines
634 731 792 785 misericordia,
805 739 832 779 ct

156 803 269 866 improbos
280 801 440 860 seditiososque
449 798 589 846 immiscendi
600 814 635 844 res
649 797 747 844 tumultu
757 795 831 867 AEto·

155 869 200 915 lico
216 881 267 930 spes
283 866 367 912 movit:
386 879 427 926 pro
447 881 472 911 se
487 865 580 925 quisque
595 877 700 911 revocare
711 862 829 926 jubebant.

158 931 205 980 llis
215 932 350 995 praeparatis,
369 929 470 983 Diocles,
487 944 539 975 cum
550 928 611 976 omni
622 929 720 990 equitatu
732 929 766 990 (et
781 929 834 974 erat

158 1005 213 1045 tunc
228 996 347 1060 praeiectm
363 992 475 1056 equitum)
492 995 565 1057 specie
583 993 709 1040 reducentis
727 991 831 1039 exsulfflt

157 1063 269 1126 hospitem
279 1060 399 1122 proiectus,
417 1061 452 1106 die
460 1074 486 1106 ac
497 1058 652 1120 nocteingcns
662 1059 705 1104 iter
715 1070 829 1111 meamus,

157 1143 210 1174 cum
226 1126 295 1172 millia
312 1139 351 1171 sex
367 1125 394 1171 ab
412 1125 467 1171 urbe
484 1125 577 1177 abesset,
600 1124 652 1170 luce
670 1121 742 1186 primi
757 1123 832 1170 trrlnss

158 1191 235 1238 clectis
251 1189 337 1244 turmis,
355 1188 436 1236 caeteri
453 1189 595 1236 multitudine
609 1189 709 1250 equitum
726 1187 833 1248 subsequi

155 1253 226 1320 jussi,
243 1255 364 1318 praecessit.
400 1253 524 1315 Postquam
543 1261 615 1318 portae
632 1253 831 1317 appropinquabat,

159 1321 247 1369 desilire
262 1335 341 1367 omnes
355 1333 384 1368 ex
399 1321 461 1379 equis
466 1319 543 1381 jussit,
560 1325 584 1364 et
593 1319 648 1364 loris
658 1319 739 1364 ducere
750 1333 831 1378 equos,

158 1387 244 1434 itineris
255 1385 352 1434 maxime
362 1384 438 1438 modo,
451 1385 529 1430 solutis
539 1383 666 1442 ordinihua3
678 1390 704 1430 ut
711 1383 834 1430 comitatus

160 1445 835 1583 {iiiiiifffiihiiitifflepfiiiimnsffiuiii

161 1582 272 1643 equitatus
290 1587 373 1642 posset,
396 1578 468 1626 ment
487 1582 541 1626 urhe
559 1596 585 1626 ac
603 1595 643 1641 per
660 1579 742 1633 forum,
763 1594 836 1627 manu

161 1645 316 1706 Eurylochum
331 1652 417 1697 tenens,
435 1645 513 1691 multis
523 1644 689 1691 occurrentibus
699 1643 835 1707 granulanti-

159 1711 251 1771 husque,
270 1709 360 1755 domurn
375 1708 475 1755 deduxit.
510 1709 570 1755 Mox
583 1708 684 1770 equitum
698 1710 764 1771 plena
780 1710 836 1756 urbs

161 1782 216 1828 erat,
234 1782 258 1822 et
267 1774 317 1820 loca
327 1782 452 1836 opportuna
462 1774 638 1837 occupabantur:
658 1781 706 1820 tum
717 1776 741 1819 in
751 1774 835 1823 domos

161 1840 231 1893 missi,
249 1840 286 1901 qui
304 1840 415 1903 principes
434 1840 534 1886 adversae
550 1839 654 1887 factionis
671 1838 832 1887 interficerent

162 1904 199 1951 lta
208 1904 338 1952 Demetrias
350 1902 480 1951 AEtolomm
488 1904 549 1952 sacta
558 1912 600 1952 est.

194 1968 305 2016 XXXV.
324 1967 488 2017 Lacedaemone
498 1985 544 2016 non
554 1970 603 2017 urbi
613 1970 648 2017 vis
658 1969 776 2025 offmenda,
795 1972 838 2019 md

159 2042 270 2097 tyrannus
280 2034 332 2081 dolo
343 2034 461 2099 capiendus
472 2042 534 2093 erat3
551 2050 624 2098 quern,
637 2037 755 2098 spoliatum
765 2039 837 2085 niari-

157 2100 224 2147 'timis
243 2098 328 2161 oppidis
347 2116 360 2147 a
378 2099 497 2155 Romanis,
514 2109 568 2148 tunc
586 2101 646 2148 intra
664 2102 748 2148 moenia
765 2103 837 2150 etiam

162 2162 333 2212 lacedaemonis
343 2164 370 2212 ab
381 2164 473 2213 Achaeis
487 2167 635 2229 compulsum,
652 2166 690 2228 qui
705 2165 839 2229 occuphsset

163 2230 271 2285 occidere,
289 2244 341 2277 eum
351 2230 421 2277 totius
431 2232 526 2293 gratian
537 2233 569 2279 rei
579 2231 639 2295 apud
649 2230 837 2281 Lacedaemonios

162 2297 267 2343 laturum.
302 2292 401 2344 Causam
413 2296 516 2343 mittendi
527 2297 555 2343 sd
565 2313 617 2344 eurn
628 2298 758 2350 habrrcnsnt,
775 2300 838 2358 qnod
858 2314 862 2325 ·

159 2360 269 2425 fatigabat
278 2360 387 2425 precibus,
404 2369 431 2408 ut
440 2362 523 2409 arixilia
532 2362 580 2418 sini,
592 2378 644 2409 cum
654 2362 698 2408 nns
708 2363 838 2410 auctorhms

162 2424 298 2481 rebeliisset,
321 2426 470 2474 mitterentur.
504 2425 572 2475 nfine
588 2428 674 2490 peditus
693 2426 837 2476 Alexameno

164 2490 209 2535 dati
228 2498 287 2547 sunt,
309 2496 332 2539 et
350 2492 443 2555 triginta
461 2492 541 2539 delecti
559 2506 589 2540 ex
599 2494 721 2556 juventute
739 2495 836 2553 equites.

162 2552 196 2599 iis
206 2568 220 2600 a
229 2562 327 2617 praetore
337 2554 473 2605 Damocrito
482 2556 506 2602 in
517 2558 610 2605 consilio
621 2572 702 2605 arcano
710 2558 795 2621 gentis,
808 2560 839 2606 ds

162 2632 207 2729 quo
202 2628 270 2731 ¹1:3¹oe
281 2620 364 2735 dictupm
376 2622 622 2739 fflfflummss
629 2622 669 2700 Nc
680 2639 704 2670 se
715 2622 837 2753 adphieffllium

189 2698 201 2729 c
232 2698 315 2735 tcuma
352 2702 399 2736 rem
480 2702 588 2751 ‚quanta
627 2704 746 2752 qusqueo
793 2696 839 2738 'cae
