1867 2925
190 154 221 209 T.
235 152 325 203 LIVII
340 151 394 203 Lus.
408 152 524 203 XXXII.
544 152 604 205 Car.
619 158 660 204 10.-
726 160 762 203 61.

86 284 206 347 quidquam
218 287 302 349 gessit
333 285 367 333 Et
377 284 407 333 T.
419 286 535 340 Quintius,
547 287 603 334 aiter
613 287 699 342 consul,
711 301 761 335 mu-

87 351 156 398 turius
168 352 335 413 quampriores
346 352 405 397 soliti
416 359 480 398 erant
490 353 601 405 consules,
613 368 627 399 a
637 352 760 399 Brundisio

87 431 137 462 cum
148 417 318 470 transmisisset,
337 414 460 477 Corcyram
478 418 549 463 tenuit
565 433 617 463 cum
630 425 682 464 octo
693 418 760 464 milli-

85 482 126 527 bus
136 482 247 543 pediturn,
264 482 374 541 equitibus
385 482 529 543 octingentis.
564 482 602 528 Ab
619 480 720 543 Corcyri
735 483 760 528 in

85 548 187 607 proxima
198 546 266 608 Epiri
277 547 429 607 quinqueremi
441 547 542 608 trajecit;
559 554 582 593 et
592 548 616 592 in
626 555 699 593 eastra
708 546 759 593 Ro-

87 626 151 657 mana
169 613 262 673 magnis
280 611 395 658 itineribus
414 612 544 668 coutendit;
565 612 617 658 inde
636 611 706 657 Vrllio
725 612 759 657 di·
785 662 788 669 ¹

87 678 162 729 misso,
173 692 261 737 paucos
272 686 372 722 moratus
382 677 436 729 dies,
448 676 502 722 dum
514 678 615 738 secopiae
621 677 649 723 ab
658 673 760 737 cercyri

87 749 268 802 assequerentur,
286 742 403 787 consilium
420 742 502 795 hebuit,
521 748 596 787 utrum
608 749 670 788 recto
680 742 761 788 itinere

88 822 124 866 per
134 814 210 853 castra
221 806 321 852 hostium
329 807 375 852 vim
385 805 458 852 faeere
468 814 603 864 conaretur3
619 822 655 860 an,
667 822 697 853 ne
708 814 759 854 ten·

87 870 131 917 tati
141 872 234 932 quidem
250 886 274 916 re
290 871 346 917 tanti
360 872 441 917 laboris
451 887 478 917 ac
488 871 586 933 periculi,
599 888 639 932 per
647 870 759 919 Dassare-

87 936 129 981 tios
136 937 214 997 potius
226 934 361 997 Lycumque
375 943 425 981 tuto
440 937 534 983 circuitu
549 936 707 982 Macedoniam
723 937 763 981 im

87 1008 160 1046 naret.
198 1000 341 1061 Vicissetque
360 1000 387 1047 ea
403 1002 519 1055 sententia,
541 1001 564 1046 ni
584 1001 701 1054 timuisset,
721 1016 758 1054 ne,

87 1080 137 1111 cum
146 1065 223 1112 amari
234 1066 325 1126 longius
332 1066 465 1119 recessisset,
478 1067 547 1111 misso
555 1082 569 1111 e
576 1066 678 1112 manibus
685 1066 758 1118 hoste,

87 1131 104 1175 si
115 1131 189 1193 (quod
199 1128 367 1189 anteafecerat)
379 1132 533 1177 solitudinssius
544 1131 648 1191 silvisque
657 1146 682 1177 se
691 1129 762 1178 tutari

86 1210 125 1241 rex
144 1195 263 1247 voluisset,
284 1196 331 1241 siue
350 1195 396 1241 ullo
411 1196 493 1241 effectu
512 1204 578 1242 aestes
596 1197 756 1243 extraheretur.

89 1258 222 1320 Utcumque
232 1268 292 1305 esset
302 1260 377 1321 igitur,
389 1260 428 1306 illo
438 1261 488 1322 ipso
501 1269 547 1307 tam
564 1260 640 1320 iniquo
655 1262 706 1306 loco
717 1276 759 1322 ag-

88 1325 151 1385 gredi
168 1326 259 1370 hostem
277 1325 371 1386 placuit:
398 1326 437 1371 sed
453 1326 528 1387 magis
544 1324 592 1371 fieri
611 1325 634 1370 id
651 1326 763 1387 placebat,

89 1404 162 1449 quam,
175 1389 290 1449 quomodo
300 1389 371 1443 fieret,
384 1390 436 1435 satis
447 1390 584 1451 expediebat.

13 1487 14 1498 .
120 1454 153 1500 X.
174 1453 235 1501 Dies
243 1455 389 1517 quodraginta
399 1454 446 1502 sine
461 1456 508 1502 ullo
522 1460 604 1502 conatu
619 1455 721 1502 sedentes
735 1454 762 1501 irr

88 1529 211 1582 conspectu
222 1520 319 1566 hostium
328 1521 488 1568 absumserant.
519 1519 576 1566 lude
587 1535 637 1582 spes
644 1521 696 1567 duta
703 1519 760 1567 Phi-

87 1585 148 1646 lippo
165 1593 208 1637 est,
227 1601 268 1646 per
282 1585 426 1646 Epirotamm
442 1594 534 1648 gentem
549 1585 662 1632 tentandae
678 1588 755 1648 pacis:

87 1650 207 1710 habitoque
216 1649 316 1703 consilio,
329 1651 407 1696 delecti
416 1650 443 1697 ad
454 1667 504 1698 eam
513 1666 560 1697 rem
571 1651 687 1712 agendam,
697 1650 761 1699 Pau·

88 1716 161 1762 sanias
176 1722 269 1776 praetor,
287 1722 309 1761 et
321 1715 450 1762 Alexander
463 1716 571 1778 magister
584 1716 692 1776 equitum,
704 1731 760 1763 con-

87 1781 159 1826 sulem
168 1788 191 1826 et
203 1795 287 1841 regem,
300 1781 337 1826 ubi
347 1781 371 1826 iu
382 1780 518 1834 arctissimas
529 1781 587 1842 ripas
595 1780 660 1827 Aous
670 1781 761 1842 cogitur

86 1846 167 1898 curnis,
186 1845 210 1890 in
222 1845 357 1905 colloquium
375 1845 521 1892 adduxerunt.
556 1846 651 1892 Summa
661 1845 762 1906 postula-

86 1917 162 1956 torum
173 1910 272 1956 consulis
283 1917 337 1964 erat,
349 1909 452 1972 praesidia
460 1925 489 1956 ex
499 1910 624 1957 civitatibus
635 1925 675 1956 rex
691 1909 766 1964 dodu-¹

13 1995 15 2026 ς
85 1982 161 2022 ceret:
181 1975 216 2028 iis,
235 1989 329 2036 quorum
347 1989 414 2036 agros
431 1977 539 2036 urbesque
554 1975 673 2037 populatus
692 1981 760 2029 esset,

85 2041 189 2086 redderet
201 2055 245 2093 res,
257 2055 308 2100 quae
317 2049 485 2102 comparerent;
502 2047 634 2088 caeterorum
645 2055 711 2100 aequo
725 2055 762 2086 ar-

13 2115 14 2124 *
85 2105 153 2152 bitrio
173 2105 292 2151 aestimatio
310 2105 381 2151 lieret.
423 2104 541 2168 Philippus
558 2112 573 2134 ‘⁴
587 2105 652 2152 oliam
667 2105 761 2151 aliarum

87 2170 212 2216 civitatium
224 2170 375 2216 conditionem
383 2169 447 2216 esse''
460 2170 580 2231 respondit.
612 2177 628 2199 ‘⁴
641 2169 705 2222 Quas
713 2169 762 2230 ipse

86 2236 190 2296 cepisset,
207 2250 245 2281 aas
255 2236 407 2282 liberaturum.
443 2233 504 2289 Quae
519 2236 560 2282 sibi
570 2235 658 2282 traditae
668 2233 765 2294 amajo-

86 2300 147 2352 nbus
163 2308 246 2354 essent,
259 2315 335 2346 earum
351 2298 490 2346 haereditarii
505 2315 532 2347 ae
543 2298 608 2363 justi
618 2297 766 2362 possessione.

86 2379 132 2411 non
141 2380 295 2411 excessurum.
329 2365 417 2425 siquas
427 2372 573 2427 quererentur
579 2363 632 2411 belli
642 2361 716 2408 clades
726 2376 762 2408 ess

85 2431 197 2494 cipitates,
210 2445 261 2476 cum
272 2430 352 2490 quibus
362 2430 468 2476 bellatum
480 2431 554 2488 foret;
576 2428 672 2478 arbitrio,
690 2422 760 2488 [quo]

83 2496 178 2549 vellent,
191 2495 333 2558 populorum,
351 2510 402 2541 cum
416 2495 495 2555 quibus
508 2510 554 2556 pax
564 2493 664 2549 utrisque
673 2489 760 2541 fuisset,

83 2575 108 2608 se
119 2559 245 2608 usurum.'’
280 2558 375 2612 Consul,
395 2559 488 2606 “Nihil
500 2559 529 2604 ad
541 2558 565 2602 id
575 2554 664 2614 quidem
679 2553 765 2598 arbitro

84 2633 123 2672 aut
128 2625 210 2689 judice
221 2639 278 2686 opus
291 2623 366 2678 esse,”
384 2623 464 2671 dicere.
501 2628 517 2651 ⁴⁴
530 2619 575 2668 Cui
585 2617 646 2692 epim
661 2629 707 2689 pou
722 2629 765 2674 ap-
785 2633 791 2642 ·

13 2707 14 2724 ¹
84 2705 171 2752 parere,
184 2691 213 2736 ab
224 2705 258 2746 eo,
271 2691 309 2752 qui
320 2690 382 2753 prior
392 2703 455 2736 arma
469 2685 589 2737 intulisset,
605 2693 710 2742 mJurtam
726 2691 768 2722 or·

117 2769 173 2804 vo1.
185 2769 221 2803 ιν.
517 2761 534 2794 c
