<?xml version="1.0" encoding="UTF-8"?>
<!DOCTYPE html PUBLIC "-//W3C//DTD XHTML 1.0 Transitional//EN"
    "http://www.w3.org/TR/xhtml1/DTD/xhtml1-transitional.dtd">
<html xmlns="http://www.w3.org/1999/xhtml" xml:lang="en" lang="en">
 <head>
  <title>
</title>
<meta http-equiv="Content-Type" content="text/html;charset=utf-8" />
  <meta name='ocr-system' content='tesseract 3.04.00' />
  <meta name='ocr-capabilities' content='ocr_page ocr_carea ocr_par ocr_line ocrx_word'/>
</head>
<body>
  <div class='ocr_page' id='page_1' title='image "./tliviipatavinih04caregoog_0312.png"; bbox 0 0 1867 2925; ppageno 0'>
   <div class='ocr_carea' id='block_1_1' title="bbox 178 133 759 195">
    <p class='ocr_par' dir='ltr' id='par_1_1' title="bbox 178 133 759 195">
     <span class='ocr_line' id='line_1_1' title="bbox 178 133 759 195; baseline -0.009 -5"><span class='ocrx_word' id='word_1_1' title='bbox 178 145 228 190; x_wconf 69' lang='grc'><strong>804</strong></span> <span class='ocrx_word' id='word_1_2' title='bbox 272 138 301 187; x_wconf 87' lang='grc' dir='ltr'><strong>Τ.</strong></span> <span class='ocrx_word' id='word_1_3' title='bbox 315 137 404 195; x_wconf 75' lang='lat' dir='ltr'><strong>mvn</strong></span> <span class='ocrx_word' id='word_1_4' title='bbox 420 136 474 187; x_wconf 82' lang='lat' dir='ltr'><strong>Lu.</strong></span> <span class='ocrx_word' id='word_1_5' title='bbox 488 134 626 187; x_wconf 83' lang='lat' dir='ltr'>XXXVII.</span> <span class='ocrx_word' id='word_1_6' title='bbox 645 133 759 187; x_wconf 74' lang='lat' dir='ltr'><strong>Cur-12.</strong></span> 
     </span>
    </p>
   </div>
   <div class='ocr_carea' id='block_1_2' title="bbox 160 265 918 2714">
    <p class='ocr_par' dir='ltr' id='par_1_2' title="bbox 160 265 918 2714">
     <span class='ocr_line' id='line_1_2' title="bbox 180 265 900 323; baseline -0.003 -6"><span class='ocrx_word' id='word_1_7' title='bbox 180 268 339 323; x_wconf 69' lang='lat' dir='ltr'><strong>Pausistratus,</strong></span> <span class='ocrx_word' id='word_1_8' title='bbox 351 269 488 316; x_wconf 81' lang='lat' dir='ltr'><strong>unumvism</strong></span> <span class='ocrx_word' id='word_1_9' title='bbox 499 269 575 315; x_wconf 77' lang='lat' dir='ltr'><strong>salutis</strong></span> <span class='ocrx_word' id='word_1_10' title='bbox 585 283 634 318; x_wconf 83' lang='lat' dir='ltr'><strong>esse</strong></span> <span class='ocrx_word' id='word_1_11' title='bbox 644 276 713 321; x_wconf 87' lang='lat' dir='ltr'><strong>ratus,</strong></span> <span class='ocrx_word' id='word_1_12' title='bbox 727 268 806 315; x_wconf 83' lang='lat' dir='ltr'><strong>sirim</strong></span> <span class='ocrx_word' id='word_1_13' title='bbox 819 265 854 315; x_wconf 77' lang='lat' dir='ltr'><strong>fo·</strong></span> <span class='ocrx_word' id='word_1_14' title='bbox 898 299 900 308; x_wconf 86' lang='lat'>·</span> 
     </span>
     <span class='ocr_line' id='line_1_3' title="bbox 179 333 853 396; baseline -0.001 -16"><span class='ocrx_word' id='word_1_15' title='bbox 179 348 230 380; x_wconf 90' lang='lat' dir='ltr'><strong>oere</strong></span> <span class='ocrx_word' id='word_1_16' title='bbox 240 350 280 396; x_wconf 85' lang='lat' dir='ltr'><strong>per</strong></span> <span class='ocrx_word' id='word_1_17' title='bbox 289 333 365 381; x_wconf 81' lang='lat' dir='ltr'><strong>fruces</strong></span> <span class='ocrx_word' id='word_1_18' title='bbox 374 334 461 395; x_wconf 80' lang='lat' dir='ltr'><strong>portus,</strong></span> <span class='ocrx_word' id='word_1_19' title='bbox 473 342 540 394; x_wconf 85' lang='lat' dir='ltr'><strong>atque</strong></span> <span class='ocrx_word' id='word_1_20' title='bbox 550 334 699 395; x_wconf 75' lang='lat' dir='ltr'><strong>erumpereiu</strong></span> <span class='ocrx_word' id='word_1_21' title='bbox 709 348 772 379; x_wconf 79' lang='lat' dir='ltr'><strong>mure</strong></span> <span class='ocrx_word' id='word_1_22' title='bbox 786 348 853 393; x_wconf 77' lang='lat' dir='ltr'><strong>sper-</strong></span> 
     </span>
     <span class='ocr_line' id='line_1_4' title="bbox 178 397 852 459; baseline 0 -16"><span class='ocrx_word' id='word_1_23' title='bbox 178 404 228 443; x_wconf 88' lang='lat' dir='ltr'><strong>tum</strong></span> <span class='ocrx_word' id='word_1_24' title='bbox 240 406 322 459; x_wconf 85' lang='lat' dir='ltr'><strong>posset,</strong></span> <span class='ocrx_word' id='word_1_25' title='bbox 334 407 452 459; x_wconf 77' lang='lat' dir='ltr'><strong>postquam</strong></span> <span class='ocrx_word' id='word_1_26' title='bbox 463 398 619 445; x_wconf 81' lang='lat' dir='ltr'>conscendisse</span> <span class='ocrx_word' id='word_1_27' title='bbox 633 413 686 443; x_wconf 90' lang='lat' dir='ltr'><strong>suos</strong></span> <span class='ocrx_word' id='word_1_28' title='bbox 703 397 768 450; x_wconf 80' lang='lat' dir='ltr'><strong>vidit,</strong></span> <span class='ocrx_word' id='word_1_29' title='bbox 787 399 852 456; x_wconf 87' lang='lat' dir='ltr'><strong>sequi</strong></span> 
     </span>
     <span class='ocr_line' id='line_1_5' title="bbox 178 460 851 524; baseline -0.006 -14"><span class='ocrx_word' id='word_1_30' title='bbox 178 464 267 511; x_wconf 81' lang='lat' dir='ltr'><strong>caeteris</strong></span> <span class='ocrx_word' id='word_1_31' title='bbox 276 464 353 524; x_wconf 86' lang='lat' dir='ltr'><strong>jussis,</strong></span> <span class='ocrx_word' id='word_1_32' title='bbox 371 464 420 524; x_wconf 88' lang='lat' dir='ltr'><strong>ipse</strong></span> <span class='ocrx_word' id='word_1_33' title='bbox 435 464 539 524; x_wconf 86' lang='lat' dir='ltr'><strong>princeps</strong></span> <span class='ocrx_word' id='word_1_34' title='bbox 555 461 664 509; x_wconf 80' lang='lat' dir='ltr'><strong>concitati</strong></span> <span class='ocrx_word' id='word_1_35' title='bbox 673 476 732 507; x_wconf 83' lang='lat' dir='ltr'><strong>nave</strong></span> <span class='ocrx_word' id='word_1_36' title='bbox 742 462 813 511; x_wconf 86' lang='lat' dir='ltr'><strong>remis</strong></span> <span class='ocrx_word' id='word_1_37' title='bbox 824 460 851 507; x_wconf 81' lang='lat' dir='ltr'><strong>sd</strong></span> 
     </span>
     <span class='ocr_line' id='line_1_6' title="bbox 180 525 911 589; baseline -0.005 -16"><span class='ocrx_word' id='word_1_38' title='bbox 180 528 264 573; x_wconf 87' lang='lat' dir='ltr'><strong>ostium</strong></span> <span class='ocrx_word' id='word_1_39' title='bbox 274 528 352 589; x_wconf 78' lang='lat' dir='ltr'><strong>portis</strong></span> <span class='ocrx_word' id='word_1_40' title='bbox 360 528 437 574; x_wconf 87' lang='lat' dir='ltr'><strong>tendit.</strong></span> <span class='ocrx_word' id='word_1_41' title='bbox 468 528 671 589; x_wconf 78' lang='lat' dir='ltr'><strong>Superantemjtsm</strong></span> <span class='ocrx_word' id='word_1_42' title='bbox 680 525 757 571; x_wconf 80' lang='lat' dir='ltr'><strong>fauces</strong></span> <span class='ocrx_word' id='word_1_43' title='bbox 768 540 851 571; x_wconf 80' lang='lat' dir='ltr'><strong>navem</strong></span> <span class='ocrx_word' id='word_1_44' title='bbox 909 557 911 568; x_wconf 66' lang='lat'><strong>,</strong></span> 
     </span>
     <span class='ocr_line' id='line_1_7' title="bbox 178 589 849 653; baseline -0.004 -15"><span class='ocrx_word' id='word_1_45' title='bbox 178 592 228 653; x_wconf 86' lang='lat' dir='ltr'><strong>ejus</strong></span> <span class='ocrx_word' id='word_1_46' title='bbox 243 591 393 652; x_wconf 74' lang='lat' dir='ltr'>Polyxenidas</span> <span class='ocrx_word' id='word_1_47' title='bbox 404 592 474 637; x_wconf 90' lang='lat' dir='ltr'><strong>tribus</strong></span> <span class='ocrx_word' id='word_1_48' title='bbox 488 591 682 653; x_wconf 80' lang='lat' dir='ltr'><strong>quinqueremibus</strong></span> <span class='ocrx_word' id='word_1_49' title='bbox 696 589 849 635; x_wconf 77' lang='lat' dir='ltr'><strong>circumsistit.</strong></span> 
     </span>
     <span class='ocr_line' id='line_1_8' title="bbox 180 655 912 717; baseline -0.005 -14"><span class='ocrx_word' id='word_1_50' title='bbox 180 655 255 703; x_wconf 83' lang='lat' dir='ltr'><strong>Nuvis</strong></span> <span class='ocrx_word' id='word_1_51' title='bbox 265 657 343 703; x_wconf 88' lang='lat' dir='ltr'><strong>rostris</strong></span> <span class='ocrx_word' id='word_1_52' title='bbox 353 656 397 703; x_wconf 83' lang='lat' dir='ltr'><strong>ictu</strong></span> <span class='ocrx_word' id='word_1_53' title='bbox 413 656 571 717; x_wconf 80' lang='lat' dir='ltr'><strong>supprimitur:</strong></span> <span class='ocrx_word' id='word_1_54' title='bbox 591 656 640 701; x_wconf 89' lang='lat' dir='ltr'><strong>telis</strong></span> <span class='ocrx_word' id='word_1_55' title='bbox 657 656 781 701; x_wconf 89' lang='lat' dir='ltr'><strong>obruuntur</strong></span> <span class='ocrx_word' id='word_1_56' title='bbox 797 670 851 715; x_wconf 89' lang='lat' dir='ltr'><strong>pro-</strong></span> <span class='ocrx_word' id='word_1_57' title='bbox 910 679 912 692; x_wconf 58' lang='grc' dir='ltr'>ι</span> 
     </span>
     <span class='ocr_line' id='line_1_9' title="bbox 179 720 851 782; baseline -0.003 -17"><span class='ocrx_word' id='word_1_58' title='bbox 179 726 330 782; x_wconf 57' lang='lat' dir='ltr'><strong>pugnatorem</strong></span> <span class='ocrx_word' id='word_1_59' title='bbox 347 721 407 766; x_wconf 90' lang='lat' dir='ltr'><strong>inter</strong></span> <span class='ocrx_word' id='word_1_60' title='bbox 416 736 473 781; x_wconf 86' lang='lat' dir='ltr'><strong>quos</strong></span> <span class='ocrx_word' id='word_1_61' title='bbox 484 727 508 767; x_wconf 92' lang='lat' dir='ltr'><strong>et</strong></span> <span class='ocrx_word' id='word_1_62' title='bbox 519 720 669 767; x_wconf 78' lang='lat' dir='ltr'><strong>Pausistratus</strong></span> <span class='ocrx_word' id='word_1_63' title='bbox 682 720 779 780; x_wconf 84' lang='lat' dir='ltr'><strong>impigre</strong></span> <span class='ocrx_word' id='word_1_64' title='bbox 790 734 851 779; x_wconf 84' lang='lat' dir='ltr'><strong>pug-</strong></span> 
     </span>
     <span class='ocr_line' id='line_1_10' title="bbox 160 779 849 845; baseline -0.003 -15"><span class='ocrx_word' id='word_1_65' title='bbox 160 814 165 821; x_wconf 57' lang='lat'><em>1</em></span> <span class='ocrx_word' id='word_1_66' title='bbox 180 798 237 830; x_wconf 86' lang='lat' dir='ltr'><strong>nuns</strong></span> <span class='ocrx_word' id='word_1_67' title='bbox 252 784 390 831; x_wconf 85' lang='lat' dir='ltr'><strong>interficitur.</strong></span> <span class='ocrx_word' id='word_1_68' title='bbox 411 779 525 831; x_wconf 75' lang='lat' dir='ltr'><strong>&#39;Novium</strong></span> <span class='ocrx_word' id='word_1_69' title='bbox 542 785 674 845; x_wconf 80' lang='lat' dir='ltr'><strong>reliqusmrn</strong></span> <span class='ocrx_word' id='word_1_70' title='bbox 689 792 742 829; x_wconf 81' lang='lat' dir='ltr'><strong>unte</strong></span> <span class='ocrx_word' id='word_1_71' title='bbox 758 790 849 844; x_wconf 86' lang='lat' dir='ltr'><strong>portum</strong></span> 
     </span>
     <span class='ocr_line' id='line_1_11' title="bbox 178 846 847 910; baseline -0.003 -16"><span class='ocrx_word' id='word_1_72' title='bbox 178 848 237 901; x_wconf 80' lang='lat' dir='ltr'><strong>sliae,</strong></span> <span class='ocrx_word' id='word_1_73' title='bbox 249 848 298 895; x_wconf 80' lang='lat' dir='ltr'><strong>aliae</strong></span> <span class='ocrx_word' id='word_1_74' title='bbox 309 849 333 894; x_wconf 91' lang='lat' dir='ltr'><strong>in</strong></span> <span class='ocrx_word' id='word_1_75' title='bbox 343 857 409 910; x_wconf 91' lang='lat' dir='ltr'><strong>portu</strong></span> <span class='ocrx_word' id='word_1_76' title='bbox 417 849 575 910; x_wconf 80' lang='lat' dir='ltr'><strong>deprehensae3</strong></span> <span class='ocrx_word' id='word_1_77' title='bbox 587 849 687 909; x_wconf 77' lang='lat' dir='ltr'><strong>quaedm</strong></span> <span class='ocrx_word' id='word_1_78' title='bbox 699 864 714 893; x_wconf 84' lang='lat' dir='ltr'><strong>a</strong></span> <span class='ocrx_word' id='word_1_79' title='bbox 723 846 847 899; x_wconf 75' lang='lat' dir='ltr'><strong>Nicandro,</strong></span> 
     </span>
     <span class='ocr_line' id='line_1_12' title="bbox 180 911 850 974; baseline 0 -17"><span class='ocrx_word' id='word_1_80' title='bbox 180 911 234 958; x_wconf 90' lang='lat' dir='ltr'><strong>dum</strong></span> <span class='ocrx_word' id='word_1_81' title='bbox 245 914 368 959; x_wconf 86' lang='lat' dir='ltr'><strong>moliuntur</strong></span> <span class='ocrx_word' id='word_1_82' title='bbox 375 930 389 960; x_wconf 85' lang='lat' dir='ltr'>a</span> <span class='ocrx_word' id='word_1_83' title='bbox 396 912 462 966; x_wconf 81' lang='lat' dir='ltr'><strong>terni,</strong></span> <span class='ocrx_word' id='word_1_84' title='bbox 473 920 558 974; x_wconf 79' lang='lat' dir='ltr'><strong>captae:</strong></span> <span class='ocrx_word' id='word_1_85' title='bbox 577 914 674 973; x_wconf 90' lang='lat' dir='ltr'><strong>quinque</strong></span> <span class='ocrx_word' id='word_1_86' title='bbox 685 919 773 959; x_wconf 84' lang='lat' dir='ltr'><strong>tanturn</strong></span> <span class='ocrx_word' id='word_1_87' title='bbox 784 911 850 959; x_wconf 88' lang='lat' dir='ltr'><strong>Rho-</strong></span> 
     </span>
     <span class='ocr_line' id='line_1_13' title="bbox 180 975 917 1039; baseline -0.001 -16"><span class='ocrx_word' id='word_1_88' title='bbox 180 977 224 1024; x_wconf 76' lang='lat' dir='ltr'><strong>diae</strong></span> <span class='ocrx_word' id='word_1_89' title='bbox 235 992 303 1024; x_wconf 82' lang='lat' dir='ltr'><strong>naves</strong></span> <span class='ocrx_word' id='word_1_90' title='bbox 314 993 365 1023; x_wconf 90' lang='lat' dir='ltr'><strong>cum</strong></span> <span class='ocrx_word' id='word_1_91' title='bbox 376 979 460 1024; x_wconf 78' lang='lat' dir='ltr'><strong>duobus</strong></span> <span class='ocrx_word' id='word_1_92' title='bbox 473 976 527 1025; x_wconf 88' lang='lat' dir='ltr'><strong>Cois</strong></span> <span class='ocrx_word' id='word_1_93' title='bbox 538 976 672 1039; x_wconf 83' lang='lat' dir='ltr'><strong>effugerunt,</strong></span> <span class='ocrx_word' id='word_1_94' title='bbox 689 984 775 1023; x_wconf 87' lang='lat' dir='ltr'><strong>terrore</strong></span> <span class='ocrx_word' id='word_1_95' title='bbox 785 975 850 1022; x_wconf 80' lang='lat' dir='ltr'><strong>flam·</strong></span> <span class='ocrx_word' id='word_1_96' title='bbox 916 982 917 991; x_wconf 61' lang='lat'>¹</span> 
     </span>
     <span class='ocr_line' id='line_1_14' title="bbox 180 1039 850 1090; baseline -0.007 0"><span class='ocrx_word' id='word_1_97' title='bbox 180 1056 225 1090; x_wconf 78' lang='lat' dir='ltr'><strong>mae</strong></span> <span class='ocrx_word' id='word_1_98' title='bbox 236 1042 338 1087; x_wconf 75' lang='lat' dir='ltr'><strong>micantis</strong></span> <span class='ocrx_word' id='word_1_99' title='bbox 347 1040 385 1089; x_wconf 77' lang='lat' dir='ltr'><strong>vit</strong></span> <span class='ocrx_word' id='word_1_100' title='bbox 396 1043 436 1087; x_wconf 90' lang='lat' dir='ltr'><strong>sibi</strong></span> <span class='ocrx_word' id='word_1_101' title='bbox 446 1043 505 1088; x_wconf 84' lang='lat' dir='ltr'><strong>inter</strong></span> <span class='ocrx_word' id='word_1_102' title='bbox 515 1042 625 1089; x_wconf 85' lang='lat' dir='ltr'><strong>confertas</strong></span> <span class='ocrx_word' id='word_1_103' title='bbox 633 1056 702 1087; x_wconf 84' lang='lat' dir='ltr'><strong>naves</strong></span> <span class='ocrx_word' id='word_1_104' title='bbox 710 1039 782 1087; x_wconf 77' lang='lat' dir='ltr'><strong>lacti:</strong></span> <span class='ocrx_word' id='word_1_105' title='bbox 797 1055 850 1086; x_wconf 89' lang='lat' dir='ltr'><strong>con-</strong></span> 
     </span>
     <span class='ocr_line' id='line_1_15' title="bbox 180 1104 849 1167; baseline 0.001 -16"><span class='ocrx_word' id='word_1_106' title='bbox 180 1106 210 1151; x_wconf 89' lang='lat' dir='ltr'><strong>tis</strong></span> <span class='ocrx_word' id='word_1_107' title='bbox 226 1106 285 1151; x_wconf 88' lang='lat' dir='ltr'><strong>enim</strong></span> <span class='ocrx_word' id='word_1_108' title='bbox 301 1106 359 1151; x_wconf 86' lang='lat' dir='ltr'><strong>binis</strong></span> <span class='ocrx_word' id='word_1_109' title='bbox 375 1122 388 1152; x_wconf 83' lang='lat' dir='ltr'><strong>c</strong></span> <span class='ocrx_word' id='word_1_110' title='bbox 404 1105 470 1167; x_wconf 81' lang='lat' dir='ltr'><strong>prori</strong></span> <span class='ocrx_word' id='word_1_111' title='bbox 485 1108 661 1167; x_wconf 87' lang='lat' dir='ltr'><strong>prominentibus</strong></span> <span class='ocrx_word' id='word_1_112' title='bbox 680 1106 754 1151; x_wconf 84' lang='lat' dir='ltr'><strong>trullis</strong></span> <span class='ocrx_word' id='word_1_113' title='bbox 771 1104 849 1152; x_wconf 80' lang='lat' dir='ltr'><strong>ferreis</strong></span> 
     </span>
     <span class='ocr_line' id='line_1_16' title="bbox 179 1168 849 1232; baseline 0 -18"><span class='ocrx_word' id='word_1_114' title='bbox 179 1169 275 1215; x_wconf 89' lang='lat' dir='ltr'><strong>multum</strong></span> <span class='ocrx_word' id='word_1_115' title='bbox 287 1178 418 1231; x_wconf 88' lang='lat' dir='ltr'><strong>conceptum</strong></span> <span class='ocrx_word' id='word_1_116' title='bbox 430 1172 505 1231; x_wconf 77' lang='lat' dir='ltr'><strong>ignem</strong></span> <span class='ocrx_word' id='word_1_117' title='bbox 522 1186 569 1232; x_wconf 79' lang='lat' dir='ltr'><strong>prce</strong></span> <span class='ocrx_word' id='word_1_118' title='bbox 586 1186 610 1217; x_wconf 87' lang='lat' dir='ltr'><strong>se</strong></span> <span class='ocrx_word' id='word_1_119' title='bbox 627 1171 751 1230; x_wconf 79' lang='lat' dir='ltr'><strong>portabant.</strong></span> <span class='ocrx_word' id='word_1_120' title='bbox 788 1168 849 1229; x_wconf 84' lang='lat' dir='ltr'><strong>Ery-</strong></span> 
     </span>
     <span class='ocr_line' id='line_1_17' title="bbox 180 1232 848 1296; baseline 0 -15"><span class='ocrx_word' id='word_1_121' title='bbox 180 1234 258 1281; x_wconf 84' lang='lat' dir='ltr'><strong>thraeae</strong></span> <span class='ocrx_word' id='word_1_122' title='bbox 269 1234 376 1287; x_wconf 79' lang='lat' dir='ltr'><strong>triremes,</strong></span> <span class='ocrx_word' id='word_1_123' title='bbox 389 1250 440 1282; x_wconf 88' lang='lat' dir='ltr'><strong>eum</strong></span> <span class='ocrx_word' id='word_1_124' title='bbox 449 1236 508 1281; x_wconf 80' lang='lat' dir='ltr'><strong>haud</strong></span> <span class='ocrx_word' id='word_1_125' title='bbox 515 1236 592 1296; x_wconf 90' lang='lat' dir='ltr'><strong>procul</strong></span> <span class='ocrx_word' id='word_1_126' title='bbox 600 1249 613 1280; x_wconf 85' lang='lat' dir='ltr'><strong>u</strong></span> <span class='ocrx_word' id='word_1_127' title='bbox 622 1235 690 1281; x_wconf 83' lang='lat' dir='ltr'><strong>Sumo</strong></span> <span class='ocrx_word' id='word_1_128' title='bbox 702 1232 799 1279; x_wconf 90' lang='lat' dir='ltr'><strong>Rhodiis</strong></span> <span class='ocrx_word' id='word_1_129' title='bbox 810 1248 848 1281; x_wconf 82' lang='lat' dir='ltr'><strong>ns·</strong></span> 
     </span>
     <span class='ocr_line' id='line_1_18' title="bbox 180 1296 849 1360; baseline -0.003 -16"><span class='ocrx_word' id='word_1_130' title='bbox 180 1298 253 1351; x_wconf 82' lang='lat' dir='ltr'><strong>ribus,</strong></span> <span class='ocrx_word' id='word_1_131' title='bbox 265 1299 344 1359; x_wconf 92' lang='lat' dir='ltr'><strong>quibus</strong></span> <span class='ocrx_word' id='word_1_132' title='bbox 350 1308 374 1345; x_wconf 90' lang='lat' dir='ltr'><strong>ut</strong></span> <span class='ocrx_word' id='word_1_133' title='bbox 383 1307 458 1346; x_wconf 89' lang='lat' dir='ltr'><strong>essent</strong></span> <span class='ocrx_word' id='word_1_134' title='bbox 468 1300 578 1360; x_wconf 84' lang='lat' dir='ltr'><strong>praesidio,</strong></span> <span class='ocrx_word' id='word_1_135' title='bbox 593 1300 718 1351; x_wconf 79' lang='lat' dir='ltr'><strong>veniebant,</strong></span> <span class='ocrx_word' id='word_1_136' title='bbox 731 1298 804 1343; x_wconf 85' lang='lat' dir='ltr'><strong>obviae</strong></span> <span class='ocrx_word' id='word_1_137' title='bbox 813 1296 849 1347; x_wconf 78' lang='lat' dir='ltr'><strong>fu-</strong></span> 
     </span>
     <span class='ocr_line' id='line_1_19' title="bbox 179 1362 849 1425; baseline 0.001 -17"><span class='ocrx_word' id='word_1_138' title='bbox 179 1362 292 1425; x_wconf 75' lang='lat' dir='ltr'><strong>gientibus</strong></span> <span class='ocrx_word' id='word_1_139' title='bbox 299 1363 400 1417; x_wconf 78' lang='lat' dir='ltr'><strong>fuissent,</strong></span> <span class='ocrx_word' id='word_1_140' title='bbox 410 1364 433 1408; x_wconf 91' lang='lat' dir='ltr'><strong>in</strong></span> <span class='ocrx_word' id='word_1_141' title='bbox 445 1363 618 1425; x_wconf 88' lang='lat' dir='ltr'><strong>Hellespontum</strong></span> <span class='ocrx_word' id='word_1_142' title='bbox 630 1364 658 1409; x_wconf 80' lang='lat' dir='ltr'><strong>ad</strong></span> <span class='ocrx_word' id='word_1_143' title='bbox 668 1362 787 1423; x_wconf 77' lang='lat' dir='ltr'><strong>Romanos</strong></span> <span class='ocrx_word' id='word_1_144' title='bbox 799 1378 849 1409; x_wconf 89' lang='lat' dir='ltr'><strong>cur·</strong></span> 
     </span>
     <span class='ocr_line' id='line_1_20' title="bbox 180 1425 849 1490; baseline -0.003 -16"><span class='ocrx_word' id='word_1_145' title='bbox 180 1442 231 1474; x_wconf 89' lang='lat' dir='ltr'><strong>sum</strong></span> <span class='ocrx_word' id='word_1_146' title='bbox 241 1435 376 1476; x_wconf 81' lang='lat' dir='ltr'><strong>everterunt</strong></span> <span class='ocrx_word' id='word_1_147' title='bbox 413 1428 460 1476; x_wconf 88' lang='lat' dir='ltr'><strong>Sub</strong></span> <span class='ocrx_word' id='word_1_148' title='bbox 472 1427 531 1476; x_wconf 83' lang='lat' dir='ltr'><strong>idem</strong></span> <span class='ocrx_word' id='word_1_149' title='bbox 547 1436 634 1490; x_wconf 86' lang='lat' dir='ltr'><strong>tempus</strong></span> <span class='ocrx_word' id='word_1_150' title='bbox 649 1428 758 1474; x_wconf 86' lang='lat' dir='ltr'><strong>Seleucus</strong></span> <span class='ocrx_word' id='word_1_151' title='bbox 775 1425 849 1488; x_wconf 91' lang='lat' dir='ltr'><strong>prodi-</strong></span> 
     </span>
     <span class='ocr_line' id='line_1_21' title="bbox 180 1489 847 1555; baseline -0.004 -15"><span class='ocrx_word' id='word_1_152' title='bbox 180 1499 227 1540; x_wconf 80' lang='lat' dir='ltr'><strong>tum</strong></span> <span class='ocrx_word' id='word_1_153' title='bbox 237 1492 364 1547; x_wconf 81' lang='lat' dir='ltr'><strong>Phocaeam,</strong></span> <span class='ocrx_word' id='word_1_154' title='bbox 373 1491 438 1555; x_wconf 82' lang='lat' dir='ltr'><strong>porti</strong></span> <span class='ocrx_word' id='word_1_155' title='bbox 446 1492 490 1540; x_wconf 80' lang='lat' dir='ltr'><strong>uni</strong></span> <span class='ocrx_word' id='word_1_156' title='bbox 498 1509 537 1554; x_wconf 88' lang='lat' dir='ltr'><strong>per</strong></span> <span class='ocrx_word' id='word_1_157' title='bbox 546 1493 650 1540; x_wconf 81' lang='lat' dir='ltr'><strong>custodes</strong></span> <span class='ocrx_word' id='word_1_158' title='bbox 658 1489 742 1553; x_wconf 75' lang='lat' dir='ltr'><strong>aperti,</strong></span> <span class='ocrx_word' id='word_1_159' title='bbox 753 1493 847 1552; x_wconf 87' lang='lat' dir='ltr'><strong>recepit;</strong></span> 
     </span>
     <span class='ocr_line' id='line_1_22' title="bbox 180 1555 849 1619; baseline 0.001 -16"><span class='ocrx_word' id='word_1_160' title='bbox 180 1563 205 1603; x_wconf 87' lang='lat' dir='ltr'><strong>et</strong></span> <span class='ocrx_word' id='word_1_161' title='bbox 216 1555 297 1617; x_wconf 83' lang='lat' dir='ltr'><strong>Cyme,</strong></span> <span class='ocrx_word' id='word_1_162' title='bbox 310 1559 404 1619; x_wconf 82' lang='lat' dir='ltr'><strong>aliaeque</strong></span> <span class='ocrx_word' id='word_1_163' title='bbox 419 1557 518 1618; x_wconf 81' lang='lat' dir='ltr'><strong>ejusdem</strong></span> <span class='ocrx_word' id='word_1_164' title='bbox 536 1573 582 1604; x_wconf 81' lang='lat' dir='ltr'><strong>orae</strong></span> <span class='ocrx_word' id='word_1_165' title='bbox 596 1558 668 1610; x_wconf 85' lang='lat' dir='ltr'><strong>urbes,</strong></span> <span class='ocrx_word' id='word_1_166' title='bbox 685 1557 713 1602; x_wconf 85' lang='lat' dir='ltr'><strong>od</strong></span> <span class='ocrx_word' id='word_1_167' title='bbox 724 1571 777 1602; x_wconf 86' lang='lat' dir='ltr'><strong>eum</strong></span> <span class='ocrx_word' id='word_1_168' title='bbox 787 1563 849 1609; x_wconf 82' lang='lat' dir='ltr'><strong>metu</strong></span> 
     </span>
     <span class='ocr_line' id='line_1_23' title="bbox 180 1619 660 1676; baseline 0 -10"><span class='ocrx_word' id='word_1_169' title='bbox 180 1619 317 1667; x_wconf 79' lang='lat' dir='ltr'><strong>defeeemnt.</strong></span> <span class='ocrx_word' id='word_1_170' title='bbox 654 1671 660 1676; x_wconf 59' lang='lat'>‚</span> 
     </span>
     <span class='ocr_line' id='line_1_24' title="bbox 213 1683 846 1749; baseline 0.005 -20"><span class='ocrx_word' id='word_1_171' title='bbox 213 1683 274 1730; x_wconf 89' lang='lat' dir='ltr'><strong>XII.</strong></span> <span class='ocrx_word' id='word_1_172' title='bbox 294 1685 358 1732; x_wconf 91' lang='lat' dir='ltr'><strong>Dum</strong></span> <span class='ocrx_word' id='word_1_173' title='bbox 369 1688 418 1734; x_wconf 84' lang='lat' dir='ltr'><strong>haec</strong></span> <span class='ocrx_word' id='word_1_174' title='bbox 428 1688 452 1733; x_wconf 88' lang='lat' dir='ltr'><strong>in</strong></span> <span class='ocrx_word' id='word_1_175' title='bbox 461 1686 553 1744; x_wconf 84' lang='lat' dir='ltr'><strong>AEolide</strong></span> <span class='ocrx_word' id='word_1_176' title='bbox 561 1693 677 1749; x_wconf 83' lang='lat' dir='ltr'><strong>geruntur,</strong></span> <span class='ocrx_word' id='word_1_177' title='bbox 690 1685 787 1746; x_wconf 87' lang='lat' dir='ltr'><strong>Abydus</strong></span> <span class='ocrx_word' id='word_1_178' title='bbox 795 1699 846 1732; x_wconf 89' lang='lat' dir='ltr'><strong>cum</strong></span> 
     </span>
     <span class='ocr_line' id='line_1_25' title="bbox 178 1749 848 1812; baseline 0.003 -18"><span class='ocrx_word' id='word_1_179' title='bbox 178 1763 218 1811; x_wconf 85' lang='lat' dir='ltr'><strong>per</strong></span> <span class='ocrx_word' id='word_1_180' title='bbox 229 1749 312 1810; x_wconf 75' lang='lat' dir='ltr'><strong>aliquot</strong></span> <span class='ocrx_word' id='word_1_181' title='bbox 323 1751 370 1796; x_wconf 85' lang='lat' dir='ltr'><strong>dies</strong></span> <span class='ocrx_word' id='word_1_182' title='bbox 381 1752 517 1799; x_wconf 86' lang='lat' dir='ltr'><strong>obsidionem</strong></span> <span class='ocrx_word' id='word_1_183' title='bbox 529 1749 653 1804; x_wconf 78' lang='lat' dir='ltr'><strong>tolerioset,</strong></span> <span class='ocrx_word' id='word_1_184' title='bbox 664 1751 769 1812; x_wconf 77' lang='lat' dir='ltr'><strong>praesidio</strong></span> <span class='ocrx_word' id='word_1_185' title='bbox 786 1751 848 1812; x_wconf 87' lang='lat' dir='ltr'><strong>regio</strong></span> 
     </span>
     <span class='ocr_line' id='line_1_26' title="bbox 180 1812 850 1876; baseline 0.003 -16"><span class='ocrx_word' id='word_1_186' title='bbox 180 1821 267 1861; x_wconf 83' lang='lat' dir='ltr'><strong>tutante</strong></span> <span class='ocrx_word' id='word_1_187' title='bbox 281 1815 370 1867; x_wconf 74' lang='lat' dir='ltr'><strong>mmsis,</strong></span> <span class='ocrx_word' id='word_1_188' title='bbox 385 1817 431 1876; x_wconf 80' lang='lat' dir='ltr'><strong>jum</strong></span> <span class='ocrx_word' id='word_1_189' title='bbox 449 1817 552 1862; x_wconf 88' lang='lat' dir='ltr'><strong>omnibus</strong></span> <span class='ocrx_word' id='word_1_190' title='bbox 567 1816 638 1869; x_wconf 82' lang='lat' dir='ltr'><strong>sessis,</strong></span> <span class='ocrx_word' id='word_1_191' title='bbox 657 1812 748 1862; x_wconf 74' lang='lat' dir='ltr'><strong>Philotis</strong></span> <span class='ocrx_word' id='word_1_192' title='bbox 761 1831 850 1875; x_wconf 88' lang='lat' dir='ltr'><strong>quoque</strong></span> 
     </span>
     <span class='ocr_line' id='line_1_27' title="bbox 178 1878 849 1942; baseline 0.003 -18"><span class='ocrx_word' id='word_1_193' title='bbox 178 1878 286 1939; x_wconf 78' lang='lat' dir='ltr'><strong>praet&#39;eoto</strong></span> <span class='ocrx_word' id='word_1_194' title='bbox 293 1880 388 1940; x_wconf 72' lang='lat' dir='ltr'><strong>presidii</strong></span> <span class='ocrx_word' id='word_1_195' title='bbox 397 1883 547 1941; x_wconf 84' lang='lat' dir='ltr'><strong>permittente,</strong></span> <span class='ocrx_word' id='word_1_196' title='bbox 559 1881 702 1942; x_wconf 75' lang='lat' dir='ltr'><strong>magistratus</strong></span> <span class='ocrx_word' id='word_1_197' title='bbox 710 1895 789 1926; x_wconf 88' lang='lat' dir='ltr'><strong>eorum</strong></span> <span class='ocrx_word' id='word_1_198' title='bbox 797 1895 849 1926; x_wconf 88' lang='lat' dir='ltr'><strong>cum</strong></span> 
     </span>
     <span class='ocr_line' id='line_1_28' title="bbox 178 1939 850 2005; baseline 0.004 -18"><span class='ocrx_word' id='word_1_199' title='bbox 178 1939 247 1988; x_wconf 80' lang='lat' dir='ltr'><strong>Livio</strong></span> <span class='ocrx_word' id='word_1_200' title='bbox 257 1944 286 1990; x_wconf 90' lang='lat' dir='ltr'><strong>de</strong></span> <span class='ocrx_word' id='word_1_201' title='bbox 296 1945 458 1991; x_wconf 83' lang='lat' dir='ltr'><strong>conditionibus</strong></span> <span class='ocrx_word' id='word_1_202' title='bbox 466 1944 580 1992; x_wconf 85' lang='lat' dir='ltr'><strong>tredendae</strong></span> <span class='ocrx_word' id='word_1_203' title='bbox 589 1945 647 1991; x_wconf 87' lang='lat' dir='ltr'><strong>urbis</strong></span> <span class='ocrx_word' id='word_1_204' title='bbox 656 1944 758 2005; x_wconf 84' lang='lat' dir='ltr'><strong>agebunt.</strong></span> <span class='ocrx_word' id='word_1_205' title='bbox 788 1943 850 1990; x_wconf 86' lang='lat' dir='ltr'><strong>Rem</strong></span> 
     </span>
     <span class='ocr_line' id='line_1_29' title="bbox 179 2006 918 2068; baseline 0.004 -16"><span class='ocrx_word' id='word_1_206' title='bbox 179 2006 304 2060; x_wconf 76' lang='lat' dir='ltr'><strong>distinebut,</strong></span> <span class='ocrx_word' id='word_1_207' title='bbox 321 2010 388 2068; x_wconf 91' lang='lat' dir='ltr'><strong>quod,</strong></span> <span class='ocrx_word' id='word_1_208' title='bbox 399 2018 475 2055; x_wconf 90' lang='lat' dir='ltr'><strong>utrum</strong></span> <span class='ocrx_word' id='word_1_209' title='bbox 486 2010 565 2056; x_wconf 83' lang='lat' dir='ltr'><strong>unnuti</strong></span> <span class='ocrx_word' id='word_1_210' title='bbox 575 2024 604 2054; x_wconf 88' lang='lat' dir='ltr'><strong>an</strong></span> <span class='ocrx_word' id='word_1_211' title='bbox 612 2009 707 2054; x_wconf 84' lang='lat' dir='ltr'><strong>inermes</strong></span> <span class='ocrx_word' id='word_1_212' title='bbox 718 2008 849 2055; x_wconf 75' lang='lat' dir='ltr'><strong>emitteres·</strong></span> <span class='ocrx_word' id='word_1_213' title='bbox 917 2019 918 2026; x_wconf 59' lang='lat'>¹</span> 
     </span>
     <span class='ocr_line' id='line_1_30' title="bbox 177 2072 918 2133; baseline 0.003 -16"><span class='ocrx_word' id='word_1_214' title='bbox 177 2076 215 2117; x_wconf 89' lang='lat' dir='ltr'><strong>tur</strong></span> <span class='ocrx_word' id='word_1_215' title='bbox 226 2072 288 2132; x_wconf 81' lang='lat' dir='ltr'><strong>regii,</strong></span> <span class='ocrx_word' id='word_1_216' title='bbox 300 2081 378 2132; x_wconf 75' lang='lat' dir='ltr'><strong>parum</strong></span> <span class='ocrx_word' id='word_1_217' title='bbox 394 2073 546 2120; x_wconf 86' lang='lat' dir='ltr'><strong>conveniebst.</strong></span> <span class='ocrx_word' id='word_1_218' title='bbox 583 2072 643 2118; x_wconf 82' lang='lat' dir='ltr'><strong>Haec</strong></span> <span class='ocrx_word' id='word_1_219' title='bbox 661 2073 778 2133; x_wconf 77' lang='lat' dir='ltr'><strong>egentibus</strong></span> <span class='ocrx_word' id='word_1_220' title='bbox 795 2088 847 2119; x_wconf 89' lang='lat' dir='ltr'><strong>curn</strong></span> <span class='ocrx_word' id='word_1_221' title='bbox 914 2076 918 2106; x_wconf 76' lang='lat'><strong>¹</strong></span> 
     </span>
     <span class='ocr_line' id='line_1_31' title="bbox 177 2135 849 2191; baseline 0.004 -10"><span class='ocrx_word' id='word_1_222' title='bbox 177 2135 335 2183; x_wconf 85' lang='lat' dir='ltr'><strong>intervenisset</strong></span> <span class='ocrx_word' id='word_1_223' title='bbox 354 2138 605 2191; x_wconf 78' lang='lat' dir='ltr'><strong>nuntiusRhodiomm</strong></span> <span class='ocrx_word' id='word_1_224' title='bbox 624 2137 698 2190; x_wconf 80' lang='lat' dir='ltr'><strong>cladis,</strong></span> <span class='ocrx_word' id='word_1_225' title='bbox 719 2137 800 2182; x_wconf 82' lang='lat' dir='ltr'><strong>emissa</strong></span> <span class='ocrx_word' id='word_1_226' title='bbox 819 2138 849 2184; x_wconf 86' lang='lat' dir='ltr'><strong>de</strong></span> 
     </span>
     <span class='ocr_line' id='line_1_32' title="bbox 176 2200 849 2254; baseline 0.004 -9"><span class='ocrx_word' id='word_1_227' title='bbox 176 2200 279 2246; x_wconf 84' lang='lat' dir='ltr'><strong>munibus</strong></span> <span class='ocrx_word' id='word_1_228' title='bbox 289 2215 326 2248; x_wconf 85' lang='lat' dir='ltr'><strong>res</strong></span> <span class='ocrx_word' id='word_1_229' title='bbox 336 2210 377 2248; x_wconf 83' lang='lat' dir='ltr'><strong>est.</strong></span> <span class='ocrx_word' id='word_1_230' title='bbox 414 2202 523 2250; x_wconf 88' lang='lat' dir='ltr'><strong>Metuens</strong></span> <span class='ocrx_word' id='word_1_231' title='bbox 531 2203 590 2249; x_wconf 88' lang='lat' dir='ltr'><strong>enim</strong></span> <span class='ocrx_word' id='word_1_232' title='bbox 602 2200 689 2254; x_wconf 89' lang='lat' dir='ltr'><strong>Livius,</strong></span> <span class='ocrx_word' id='word_1_233' title='bbox 702 2215 730 2247; x_wconf 88' lang='lat' dir='ltr'><strong>ne</strong></span> <span class='ocrx_word' id='word_1_234' title='bbox 742 2215 849 2248; x_wconf 87' lang='lat' dir='ltr'><strong>successu</strong></span> 
     </span>
     <span class='ocr_line' id='line_1_33' title="bbox 177 2263 849 2326; baseline 0.004 -15"><span class='ocrx_word' id='word_1_235' title='bbox 177 2271 248 2312; x_wconf 81' lang='lat' dir='ltr'><strong>tuntae</strong></span> <span class='ocrx_word' id='word_1_236' title='bbox 262 2266 294 2311; x_wconf 90' lang='lat' dir='ltr'><strong>rei</strong></span> <span class='ocrx_word' id='word_1_237' title='bbox 310 2266 381 2311; x_wconf 82' lang='lat' dir='ltr'><strong>elutus</strong></span> <span class='ocrx_word' id='word_1_238' title='bbox 393 2265 544 2326; x_wconf 72' lang='lat' dir='ltr'><strong>Polyxenidas</strong></span> <span class='ocrx_word' id='word_1_239' title='bbox 556 2267 657 2320; x_wconf 81' lang='lat' dir='ltr'><strong>classem,</strong></span> <span class='ocrx_word' id='word_1_240' title='bbox 670 2280 720 2324; x_wconf 87' lang='lat' dir='ltr'><strong>quae</strong></span> <span class='ocrx_word' id='word_1_241' title='bbox 731 2264 759 2312; x_wconf 82' lang='lat' dir='ltr'><strong>ud</strong></span> <span class='ocrx_word' id='word_1_242' title='bbox 771 2263 849 2314; x_wconf 72' lang='lat' dir='ltr'><strong>Canas</strong></span> 
     </span>
     <span class='ocr_line' id='line_1_34' title="bbox 176 2327 849 2391; baseline -0.001 -17"><span class='ocrx_word' id='word_1_243' title='bbox 176 2336 231 2381; x_wconf 82' lang='lat' dir='ltr'><strong>erat,</strong></span> <span class='ocrx_word' id='word_1_244' title='bbox 251 2331 392 2390; x_wconf 74' lang='lat' dir='ltr'><strong>opprimeret.</strong></span> <span class='ocrx_word' id='word_1_245' title='bbox 407 2332 484 2391; x_wconf 84' lang='lat' dir='ltr'><strong>Abydi</strong></span> <span class='ocrx_word' id='word_1_246' title='bbox 500 2331 613 2378; x_wconf 88' lang='lat' dir='ltr'><strong>obsidione</strong></span> <span class='ocrx_word' id='word_1_247' title='bbox 631 2327 772 2389; x_wconf 82' lang='lat' dir='ltr'><strong>custodirique</strong></span> <span class='ocrx_word' id='word_1_248' title='bbox 787 2328 849 2380; x_wconf 85' lang='lat' dir='ltr'><strong>Hel-</strong></span> 
     </span>
     <span class='ocr_line' id='line_1_35' title="bbox 177 2390 846 2456; baseline 0.004 -19"><span class='ocrx_word' id='word_1_249' title='bbox 177 2390 273 2452; x_wconf 86' lang='lat' dir='ltr'><strong>lesponti</strong></span> <span class='ocrx_word' id='word_1_250' title='bbox 283 2395 396 2456; x_wconf 84' lang='lat' dir='ltr'><strong>externplo</strong></span> <span class='ocrx_word' id='word_1_251' title='bbox 407 2393 491 2448; x_wconf 76' lang='lat' dir='ltr'><strong>relicti,</strong></span> <span class='ocrx_word' id='word_1_252' title='bbox 504 2409 580 2448; x_wconf 84' lang='lat' dir='ltr'><strong>naves,</strong></span> <span class='ocrx_word' id='word_1_253' title='bbox 593 2410 644 2454; x_wconf 84' lang='lat' dir='ltr'><strong>quae</strong></span> <span class='ocrx_word' id='word_1_254' title='bbox 652 2391 846 2445; x_wconf 60' lang='lat' dir='ltr'><strong>subducthanis</strong></span> 
     </span>
     <span class='ocr_line' id='line_1_36' title="bbox 175 2455 845 2507; baseline -0.003 1"><span class='ocrx_word' id='word_1_255' title='bbox 175 2463 246 2507; x_wconf 61' lang='lat' dir='ltr'><strong>erant,</strong></span> <span class='ocrx_word' id='word_1_256' title='bbox 259 2457 356 2504; x_wconf 75' lang='lat' dir='ltr'><strong>dedunt</strong></span> <span class='ocrx_word' id='word_1_257' title='bbox 393 2458 426 2504; x_wconf 89' lang='lat' dir='ltr'><strong>Et</strong></span> <span class='ocrx_word' id='word_1_258' title='bbox 436 2459 551 2506; x_wconf 86' lang='lat' dir='ltr'><strong>Eumenes</strong></span> <span class='ocrx_word' id='word_1_259' title='bbox 560 2459 648 2506; x_wconf 81' lang='lat' dir='ltr'><strong>Elaeam</strong></span> <span class='ocrx_word' id='word_1_260' title='bbox 659 2458 728 2504; x_wconf 88' lang='lat' dir='ltr'><strong>venit.</strong></span> <span class='ocrx_word' id='word_1_261' title='bbox 763 2455 845 2506; x_wconf 84' lang='lat' dir='ltr'><strong>Livius</strong></span> 
     </span>
     <span class='ocr_line' id='line_1_37' title="bbox 177 2517 843 2584; baseline 0 -16"><span class='ocrx_word' id='word_1_262' title='bbox 177 2517 239 2560; x_wconf 74' lang='lat' dir='ltr'><strong>⁰mssi</strong></span> <span class='ocrx_word' id='word_1_263' title='bbox 247 2519 324 2575; x_wconf 72' lang='lat' dir='ltr'><strong>classe,</strong></span> <span class='ocrx_word' id='word_1_264' title='bbox 336 2524 372 2570; x_wconf 89' lang='lat' dir='ltr'><strong>cui</strong></span> <span class='ocrx_word' id='word_1_265' title='bbox 380 2524 511 2584; x_wconf 79' lang='lat' dir='ltr'><strong>adjunxerat</strong></span> <span class='ocrx_word' id='word_1_266' title='bbox 519 2525 619 2570; x_wconf 84' lang='lat' dir='ltr'><strong>triremes</strong></span> <span class='ocrx_word' id='word_1_267' title='bbox 628 2523 681 2568; x_wconf 79' lang='lat' dir='ltr'><strong>dues</strong></span> <span class='ocrx_word' id='word_1_268' title='bbox 690 2521 843 2581; x_wconf 79' lang='lat' dir='ltr'><strong>Mitylenaess,</strong></span> 
     </span>
     <span class='ocr_line' id='line_1_38' title="bbox 175 2574 845 2648; baseline 0.003 -20"><span class='ocrx_word' id='word_1_269' title='bbox 175 2574 297 2648; x_wconf 46' lang='lat' dir='ltr'><strong>Qoeaeum</strong></span> <span class='ocrx_word' id='word_1_270' title='bbox 308 2587 378 2644; x_wconf 86' lang='lat' dir='ltr'><strong>petit:</strong></span> <span class='ocrx_word' id='word_1_271' title='bbox 397 2602 463 2646; x_wconf 79' lang='lat' dir='ltr'><strong>quarn</strong></span> <span class='ocrx_word' id='word_1_272' title='bbox 476 2602 527 2632; x_wconf 89' lang='lat' dir='ltr'><strong>cum</strong></span> <span class='ocrx_word' id='word_1_273' title='bbox 538 2587 609 2632; x_wconf 88' lang='lat' dir='ltr'><strong>teneri</strong></span> <span class='ocrx_word' id='word_1_274' title='bbox 619 2586 692 2632; x_wconf 85' lang='lat' dir='ltr'><strong>vuiido</strong></span> <span class='ocrx_word' id='word_1_275' title='bbox 707 2585 769 2646; x_wconf 80' lang='lat' dir='ltr'><strong>regio</strong></span> <span class='ocrx_word' id='word_1_276' title='bbox 784 2601 845 2646; x_wconf 61' lang='grc' dir='ltr'><strong>ρω-</strong></span> 
     </span>
     <span class='ocr_line' id='line_1_39' title="bbox 172 2638 845 2714; baseline -0.001 -17"><span class='ocrx_word' id='word_1_277' title='bbox 172 2638 232 2688; x_wconf 59' lang='grc' dir='ltr'><strong>Βὼθ</strong></span> <span class='ocrx_word' id='word_1_278' title='bbox 239 2645 342 2703; x_wconf 59' lang='lat' dir='ltr'><strong>studim,</strong></span> <span class='ocrx_word' id='word_1_279' title='bbox 355 2663 397 2697; x_wconf 87' lang='lat' dir='ltr'><strong>nec</strong></span> <span class='ocrx_word' id='word_1_280' title='bbox 404 2651 483 2712; x_wconf 84' lang='lat' dir='ltr'><strong>procul</strong></span> <span class='ocrx_word' id='word_1_281' title='bbox 492 2651 579 2698; x_wconf 89' lang='lat' dir='ltr'><strong>Seleuci</strong></span> <span class='ocrx_word' id='word_1_282' title='bbox 590 2657 662 2700; x_wconf 74' lang='lat' dir='ltr'><strong>castra</strong></span> <span class='ocrx_word' id='word_1_283' title='bbox 670 2665 718 2698; x_wconf 80' lang='lat' dir='ltr'><strong>esse</strong></span> <span class='ocrx_word' id='word_1_284' title='bbox 724 2667 733 2710; x_wconf 72' lang='lat'>5</span> <span class='ocrx_word' id='word_1_285' title='bbox 745 2649 845 2714; x_wconf 75' lang='lat' dir='ltr'><strong>depopu-</strong></span> 
     </span>
    </p>
   </div>
   <div class='ocr_carea' id='block_1_3' title="bbox 910 2143 918 2370">
    <p class='ocr_par' dir='ltr' id='par_1_3' title="bbox 910 2143 918 2370">
     <span class='ocr_line' id='line_1_40' title="bbox 910 2143 918 2370; textangle 90"><span class='ocrx_word' id='word_1_286' title='bbox 910 2336 918 2370; x_wconf 62' lang='grc' dir='ltr'><em>Ξ</em></span> <span class='ocrx_word' id='word_1_287' title='bbox 911 2271 918 2322; x_wconf 51' lang='lat'><strong>‚22-</strong></span> <span class='ocrx_word' id='word_1_288' title='bbox 914 2208 918 2256; x_wconf 35' lang='lat'><strong>22,</strong></span> <span class='ocrx_word' id='word_1_289' title='bbox 914 2143 918 2186; x_wconf 35' lang='lat' dir='ltr'><strong>AT&lt;</strong></span> 
     </span>
    </p>
   </div>
   <div class='ocr_carea' id='block_1_4' title="bbox 907 2402 918 2501">
    <p class='ocr_par' dir='ltr' id='par_1_4' title="bbox 907 2402 918 2501">
     <span class='ocr_line' id='line_1_41' title="bbox 907 2402 918 2501; textangle 90"><span class='ocrx_word' id='word_1_290' title='bbox 907 2465 918 2501; x_wconf 54' lang='grc' dir='ltr'>ξ</span> <span class='ocrx_word' id='word_1_291' title='bbox 908 2402 918 2436; x_wconf 54' lang='grc' dir='ltr'><strong>(τε</strong></span> 
     </span>
    </p>
   </div>
   <div class='ocr_carea' id='block_1_5' title="bbox 904 2533 918 2766">
    <p class='ocr_par' dir='ltr' id='par_1_5' title="bbox 904 2533 918 2766">
     <span class='ocr_line' id='line_1_42' title="bbox 904 2533 918 2766; textangle 90"><span class='ocrx_word' id='word_1_292' title='bbox 904 2533 918 2766; x_wconf 60' lang='grc' dir='ltr'><strong>ἓΞἙσ-εῖ</strong></span> 
     </span>
    </p>
   </div>
   <div class='ocr_carea' id='block_1_6' title="bbox 0 0 938 2925">
    <p class='ocr_par' dir='ltr' id='par_1_6' title="bbox 0 0 938 2925">
     <span class='ocr_line' id='line_1_43' title="bbox 0 0 938 2925; baseline 0 0"><span class='ocrx_word' id='word_1_293' title='bbox 0 0 938 2925; x_wconf 95' lang='lat' dir='ltr'><strong> </strong></span> 
     </span>
    </p>
   </div>
  </div>
 </body>
</html>
