1867 2925
186 143 217 191 Τ.
231 141 317 191 LIVII
332 141 386 191 Lra·
399 141 526 192 XXXIV.
546 143 606 192 Car.
620 147 659 192 80
713 147 759 193 167

94 276 190 336 marique
202 275 296 321 munitae
309 273 411 320 iacienda
421 289 488 337 opera
504 283 574 328 nant,
591 273 672 323 effecit.
705 275 759 324 Jum

94 341 236 388 mutianus
251 341 346 386 admotis
360 353 437 386 murus
452 341 610 386 subruebstur:
625 342 673 402 jsrn
684 341 759 387 arieti·

94 408 134 454 bus
149 406 291 466 qrutiebatur.
328 402 407 464 Itaque
426 419 471 450 una
486 406 568 452 crebris
585 406 664 451 ictibus
681 421 759 452 ererss

93 478 126 518 ott
135 471 208 524 turris,
220 470 323 530 quodque
334 469 393 515 circa
403 470 461 517 muri
472 478 527 523 erat,
539 485 592 516 casu
601 472 650 532 ejus
659 479 759 531 prostra-

93 545 154 582 tum:
172 545 195 582 et
206 534 303 582 Romani
315 534 381 580 simrd
391 549 405 580 a
415 541 489 596 portu,
507 536 567 581 unde
583 535 656 580 aditus
672 535 759 595 planior

92 609 143 653 erat,
162 607 187 646 ut
204 599 354 646 distenderent
370 600 397 646 ali
414 601 523 660 apertiore
532 600 583 646 loco
594 601 677 652 hostes,
691 601 757 648 simul

92 681 129 728 per
139 664 274 727 patefactum
285 665 350 710 ruini
359 665 401 710 iter
412 665 533 726 irrumpere
547 666 696 711 conabantur:
715 681 757 712 uec

93 729 185 778 nultum
202 729 278 782 abfuit,
296 730 357 789 quin,
375 729 419 788 qui
435 731 583 782 intenderant,
599 737 755 790 penetrareuta

91 796 128 842 nd
144 795 241 842 undavit
259 795 366 855 impeturn
385 809 462 842 eorum
477 809 529 854 spes
546 795 634 856 objseota
650 794 757 842 dedendae

91 861 156 914 urh's,
172 873 227 905 mox
243 859 323 904 duride
339 859 416 904 eadem
431 861 526 905 turbata.
561 859 719 919 Dexagoridas
733 868 757 906 et

91 926 210 987 Gorgopas
220 925 268 985 pari
278 925 371 984 irnperio
380 931 491 985 praeeraut
508 924 563 970 urbi.
599 922 757 984 Dexagoridas
840 947 844 955 ·

89 991 179 1038 miserat
190 990 218 1036 ad
229 990 329 1050 legatum
337 988 475 1041 Romanum,
487 988 619 1034 traffitururn
627 1003 652 1034 se
663 989 738 1034 urbem
747 1006 754 1036 r

88 1063 173 1102 sturm
185 1055 214 1100 ad
230 1069 279 1100 eom
296 1067 343 1098 rem
358 1060 447 1114 tempus
464 1059 488 1098 et
504 1053 560 1098 ratio
578 1054 757 1107 convenissem

87 1183 257 1232 diffundebatur:
276 1189 300 1228 et
314 1181 422 1228 difficilior
439 1182 498 1228 saeta
514 1183 651 1244 oppugnatio
664 1191 719 1237 erat,
732 1186 760 1232 ui

86 1249 114 1296 T.
125 1248 237 1302 Quintius
247 1261 299 1293 curu
308 1254 401 1308 quatuor
412 1247 509 1294 millibus
516 1247 652 1293 delectorum
659 1249 756 1295 militum

86 1311 265 1376 supervenisset.¹
303 1311 327 1358 ls
346 1327 397 1358 eum
415 1313 532 1374 supercilio
548 1312 608 1357 haud
625 1313 704 1373 procul
722 1315 756 1358 di.

85 1379 165 1426 maris
176 1378 258 1423 tumuli
268 1378 357 1424 aburbe
365 1379 497 1424 instructam
503 1378 574 1423 aciem
580 1377 721 1431 ostendisset,
733 1384 757 1424 et

84 1458 114 1491 ex
124 1440 196 1491 alteri
204 1449 267 1505 perte
278 1441 306 1489 L.
319 1442 426 1498 Quintius
435 1444 463 1489 ab
472 1443 574 1505 operibus
585 1442 630 1488 suis
641 1440 756 1490 terrimo·

84 1511 148 1570 rique
163 1510 271 1564 instaret;
289 1516 337 1555 turn
348 1524 402 1555 vero
418 1508 541 1569 desperatio
553 1509 685 1569 Gorgoparn
700 1524 756 1569 quo·

82 1590 129 1635 que
138 1574 218 1635 co’e'git
230 1574 253 1619 id
265 1574 357 1627 consilii,
377 1574 436 1635 quod
452 1574 476 1618 in
491 1574 562 1619 altero
574 1581 647 1620 morte
656 1574 756 1621 vindico·

83 1646 155 1691 verat,
170 1654 263 1701 cupere:
283 1647 306 1685 et
322 1647 407 1700 paetus,
424 1644 450 1685 ut
469 1638 577 1684 abducere
592 1638 643 1685 inde
662 1640 754 1693 milites,

81 1720 140 1765 quos
151 1704 251 1766 praesidii
261 1702 328 1749 causi
343 1704 442 1754 habebat,
457 1704 542 1755 liceret,
557 1704 646 1750 tradidit
658 1704 754 1757 Quintio

83 1771 169 1817 urbem.
206 1767 340 1828 Priusquam
358 1768 470 1828 Gythion
487 1768 617 1822 tunderetur,
636 1768 755 1831 Pythago-

10 1878 11 1889 ,
81 1849 125 1887 ras,
144 1832 266 1896 praefectur
277 1834 348 1894 Argis
366 1833 462 1885 relictus,
481 1831 561 1878 traditi
577 1833 677 1881 custodit
693 1835 754 1879 urbis

81 1898 208 1945 Timocrati
216 1896 351 1951 Pellenensi,
364 1908 415 1943 'oum
422 1898 484 1942 mille
491 1898 632 1943 mercenariis
639 1898 753 1952 militibus,

79 1972 102 2011 et
112 1965 202 2011 drsobus
213 1963 310 2009 millibus
318 1963 463 2025 Argivorum,
474 1961 754 2011 LacarkrmonemadNa

113 2092 203 2140 XXX.
220 2092 298 2147 Nabis,
307 2091 752 2154 aicutprimosdsentuRornanaeelastis,

81 2166 104 2205 et
122 2156 244 2207 traditione
263 2158 394 2219 oppidorum
413 2157 530 2204 maritima
548 2172 603 2211 orae,
618 2159 753 2205 conterritus

81 2231 146 2281 erat;
165 2224 204 2277 sic,
216 2222 285 2283 parvi
296 2238 336 2283 ape
347 2236 399 2269 otuu
410 2223 562 2282 acquievitset
575 2223 662 2281 Gythio
671 2224 698 2268 ah
705 2222 753 2267 suis

80 2296 187 2345 retento;
204 2296 323 2349 postquam
336 2288 358 2333 id
370 2302 460 2347 quoque
475 2288 580 2333 traditum
591 2286 702 2333 Romanis
712 2300 753 2330 su·

78 2353 136 2401 divit
147 2368 206 2406 esse,
219 2368 270 2398 oum
278 2354 306 2399 ab
316 2350 382 2405 terri,
389 2353 498 2398 omuibus
507 2352 567 2399 circa
578 2351 687 2403 hostibru,
697 2349 753 2396 nihil

80 2419 207 2479 massot,
217 2418 294 2465 amari
305 2432 394 2478 quoque
404 2424 453 2463 toto
468 2432 493 2463 se
506 2416 659 2466 interclusum,
669 2414 753 2461 caden-

79 2483 133 2529 dum
143 2482 246 2529 forttmae
259 2489 327 2537 mttrs,
344 2482 511 2529 caduceatorem
527 2482 625 2541 primum
638 2479 663 2524 in
680 2486 754 2525 castra

79 2548 141 2595 mian
158 2547 188 2594 ad
206 2547 374 2609 adorandum,
394 2548 412 2592 ri
431 2553 572 2607 paterentur
577 2545 665 2617 legatus
682 2544 711 2589 ad
727 2558 753 2589 se

78 2613 151 2659 atet:
173 2612 219 2672 qui
228 2611 346 2673 impetrati
358 2624 389 2665 re,
402 2610 545 2673 Pydragoraa
554 2607 599 2654 ad'
593 2615 754 2667 imperatorem

10 2662 13 2745 l
78 2678 147 2735 venit,
160 2678 228 2729 nullu
239 2674 475 2731 coadunatarum
485 2685 552 2735 quon
562 2671 752 2732 uttyranuocol·

844 2766 910 2841 Δ
925 2775 927 2850 i
