<?xml version="1.0" encoding="UTF-8"?>
<!DOCTYPE html PUBLIC "-//W3C//DTD XHTML 1.0 Transitional//EN"
    "http://www.w3.org/TR/xhtml1/DTD/xhtml1-transitional.dtd">
<html xmlns="http://www.w3.org/1999/xhtml" xml:lang="en" lang="en">
 <head>
  <title>
</title>
<meta http-equiv="Content-Type" content="text/html;charset=utf-8" />
  <meta name='ocr-system' content='tesseract 3.04.00' />
  <meta name='ocr-capabilities' content='ocr_page ocr_carea ocr_par ocr_line ocrx_word'/>
</head>
<body>
  <div class='ocr_page' id='page_1' title='image "./tliviipatavinih04caregoog_0022.png"; bbox 0 0 1867 2925; ppageno 0'>
   <div class='ocr_carea' id='block_1_1' title="bbox 164 107 717 173">
    <p class='ocr_par' dir='ltr' id='par_1_1' title="bbox 164 107 717 173">
     <span class='ocr_line' id='line_1_1' title="bbox 164 107 717 173; baseline 0.002 -18"><span class='ocrx_word' id='word_1_1' title='bbox 164 112 194 155; x_wconf 60' lang='grc' dir='ltr'>ιε</span> <span class='ocrx_word' id='word_1_2' title='bbox 266 108 298 161; x_wconf 80' lang='lat' dir='ltr'>n.</span> <span class='ocrx_word' id='word_1_3' title='bbox 312 109 401 159; x_wconf 81' lang='lat' dir='ltr'>mvn</span> <span class='ocrx_word' id='word_1_4' title='bbox 417 107 584 159; x_wconf 68' lang='lat' dir='ltr'>mxxxi</span> <span class='ocrx_word' id='word_1_5' title='bbox 597 108 664 173; x_wconf 62' lang='lat' dir='ltr'>,cm</span> <span class='ocrx_word' id='word_1_6' title='bbox 679 112 717 157; x_wconf 90' lang='lat' dir='ltr'>n.</span> 
     </span>
    </p>
   </div>
   <div class='ocr_carea' id='block_1_2' title="bbox 161 238 918 303">
    <p class='ocr_par' dir='ltr' id='par_1_2' title="bbox 161 238 918 303">
     <span class='ocr_line' id='line_1_2' title="bbox 161 238 918 303; baseline -0.003 -16"><span class='ocrx_word' id='word_1_7' title='bbox 161 238 264 300; x_wconf 85' lang='lat' dir='ltr'>praesidio</span> <span class='ocrx_word' id='word_1_8' title='bbox 281 246 362 295; x_wconf 77' lang='lat' dir='ltr'>essem,</span> <span class='ocrx_word' id='word_1_9' title='bbox 379 240 555 303; x_wconf 75' lang='lat' dir='ltr'>proficisceretur</span> <span class='ocrx_word' id='word_1_10' title='bbox 567 241 615 303; x_wconf 86' lang='lat' dir='ltr'>ipse</span> <span class='ocrx_word' id='word_1_11' title='bbox 629 239 659 287; x_wconf 84' lang='lat' dir='ltr'>&#39;ad</span> <span class='ocrx_word' id='word_1_12' title='bbox 676 238 831 287; x_wconf 71' lang='lat' dir='ltr'>counimu—</span> <span class='ocrx_word' id='word_1_13' title='bbox 909 240 918 251; x_wconf 66' lang='lat'>⁵</span> 
     </span>
    </p>
   </div>
   <div class='ocr_carea' id='block_1_3' title="bbox 154 302 848 2706">
    <p class='ocr_par' dir='ltr' id='par_1_3' title="bbox 157 302 829 369">
     <span class='ocr_line' id='line_1_3' title="bbox 157 302 829 369; baseline -0.004 -16"><span class='ocrx_word' id='word_1_14' title='bbox 157 304 279 353; x_wconf 73' lang='lat' dir='ltr'>herandum</span> <span class='ocrx_word' id='word_1_15' title='bbox 302 304 422 355; x_wconf 76' lang='lat' dir='ltr'>obsidione.</span> <span class='ocrx_word' id='word_1_16' title='bbox 463 306 566 369; x_wconf 66' lang='lat' dir='ltr'>,legatos</span> <span class='ocrx_word' id='word_1_17' title='bbox 587 302 783 353; x_wconf 23' lang='lat' dir='ltr'>itamamittendos</span> <span class='ocrx_word' id='word_1_18' title='bbox 804 305 829 351; x_wconf 84' lang='lat' dir='ltr'>iu</span> 
     </span>
    </p>

    <p class='ocr_par' dir='ltr' id='par_1_4' title="bbox 161 364 830 431">
     <span class='ocr_line' id='line_1_4' title="bbox 161 364 830 431; baseline 0.009 -19"><span class='ocrx_word' id='word_1_19' title='bbox 161 364 262 415; x_wconf 82' lang='lat' dir='ltr'>Africam</span> <span class='ocrx_word' id='word_1_20' title='bbox 281 380 422 425; x_wconf 85' lang='lat' dir='ltr'>censuerunt,</span> <span class='ocrx_word' id='word_1_21' title='bbox 443 372 534 419; x_wconf 84' lang='lat' dir='ltr'>eosdem</span> <span class='ocrx_word' id='word_1_22' title='bbox 553 369 719 431; x_wconf 70' lang='lat' dir='ltr'>Carthaginem,</span> <span class='ocrx_word' id='word_1_23' title='bbox 738 369 830 418; x_wconf 80' lang='lat' dir='ltr'>eosdem</span> 
     </span>
    </p>

    <p class='ocr_par' dir='ltr' id='par_1_5' title="bbox 159 431 831 497">
     <span class='ocr_line' id='line_1_5' title="bbox 159 431 831 497; baseline 0.003 -20"><span class='ocrx_word' id='word_1_24' title='bbox 159 432 184 477; x_wconf 90' lang='lat' dir='ltr'>in</span> <span class='ocrx_word' id='word_1_25' title='bbox 196 431 325 482; x_wconf 78' lang='lat' dir='ltr'>Numidiam</span> <span class='ocrx_word' id='word_1_26' title='bbox 337 436 530 483; x_wconf 75' lang='lat' dir='ltr'>adlllasinismm:</span> <span class='ocrx_word' id='word_1_27' title='bbox 551 434 717 497; x_wconf 76' lang='lat' dir='ltr'>Carthaginem,</span> <span class='ocrx_word' id='word_1_28' title='bbox 735 440 761 479; x_wconf 85' lang='lat' dir='ltr'>ut</span> <span class='ocrx_word' id='word_1_29' title='bbox 771 448 831 480; x_wconf 88' lang='lat' dir='ltr'>nun-</span> 
     </span>
    </p>

    <p class='ocr_par' dir='ltr' id='par_1_6' title="bbox 157 497 831 552">
     <span class='ocr_line' id='line_1_6' title="bbox 157 497 831 552; baseline 0.006 -10"><span class='ocrx_word' id='word_1_30' title='bbox 157 498 249 552; x_wconf 72' lang='lat' dir='ltr'>liarenr,</span> <span class='ocrx_word' id='word_1_31' title='bbox 266 501 338 547; x_wconf 80' lang='lat' dir='ltr'>civem</span> <span class='ocrx_word' id='word_1_32' title='bbox 348 517 425 547; x_wconf 88' lang='lat' dir='ltr'>eorum</span> <span class='ocrx_word' id='word_1_33' title='bbox 435 500 587 549; x_wconf 70' lang='lat' dir='ltr'>Hamilcarem</span> <span class='ocrx_word' id='word_1_34' title='bbox 599 500 700 549; x_wconf 81' lang='lat' dir='ltr'>relictum</span> <span class='ocrx_word' id='word_1_35' title='bbox 709 498 733 544; x_wconf 94' lang='lat' dir='ltr'>in</span> <span class='ocrx_word' id='word_1_36' title='bbox 745 497 831 551; x_wconf 80' lang='lat' dir='ltr'>Galiiri,</span> 
     </span>
    </p>

    <p class='ocr_par' dir='ltr' id='par_1_7' title="bbox 157 561 831 627">
     <span class='ocr_line' id='line_1_7' title="bbox 157 561 831 627; baseline 0.003 -20"><span class='ocrx_word' id='word_1_37' title='bbox 157 562 219 609; x_wconf 85' lang='lat' dir='ltr'>haud</span> <span class='ocrx_word' id='word_1_38' title='bbox 230 566 283 611; x_wconf 85' lang='lat' dir='ltr'>satis</span> <span class='ocrx_word' id='word_1_39' title='bbox 294 566 350 613; x_wconf 86' lang='lat' dir='ltr'>scire</span> <span class='ocrx_word' id='word_1_40' title='bbox 360 581 389 613; x_wconf 84' lang='lat' dir='ltr'>ex</span> <span class='ocrx_word' id='word_1_41' title='bbox 398 564 547 613; x_wconf 73' lang='lat' dir='ltr'>Hasdrubalis</span> <span class='ocrx_word' id='word_1_42' title='bbox 560 566 622 627; x_wconf 89' lang='lat' dir='ltr'>prius</span> <span class='ocrx_word' id='word_1_43' title='bbox 636 579 664 610; x_wconf 88' lang='lat' dir='ltr'>an</span> <span class='ocrx_word' id='word_1_44' title='bbox 679 578 708 609; x_wconf 84' lang='lat' dir='ltr'>ex</span> <span class='ocrx_word' id='word_1_45' title='bbox 720 561 831 624; x_wconf 76' lang='lat' dir='ltr'>Magonis</span> 
     </span>
    </p>

    <p class='ocr_par' dir='ltr' id='par_1_8' title="bbox 160 628 845 756">
     <span class='ocr_line' id='line_1_8' title="bbox 160 628 845 687; baseline -0.007 -9"><span class='ocrx_word' id='word_1_46' title='bbox 160 634 238 687; x_wconf 64' lang='lat' dir='ltr'>postea</span> <span class='ocrx_word' id='word_1_47' title='bbox 254 629 359 684; x_wconf 78' lang='lat' dir='ltr'>exercitu,</span> <span class='ocrx_word' id='word_1_48' title='bbox 377 631 458 677; x_wconf 89' lang='lat' dir='ltr'>bellum</span> <span class='ocrx_word' id='word_1_49' title='bbox 476 638 554 677; x_wconf 87' lang='lat' dir='ltr'>contra</span> <span class='ocrx_word' id='word_1_50' title='bbox 569 630 643 676; x_wconf 81' lang='lat' dir='ltr'>foedus</span> <span class='ocrx_word' id='word_1_51' title='bbox 658 628 745 674; x_wconf 87' lang='lat' dir='ltr'>facere:</span> <span class='ocrx_word' id='word_1_52' title='bbox 764 636 845 675; x_wconf 74' lang='lat' dir='ltr'>euer-¹</span> 
     </span>
     <span class='ocr_line' id='line_1_9' title="bbox 160 691 829 756; baseline 0.001 -17"><span class='ocrx_word' id='word_1_53' title='bbox 160 691 218 739; x_wconf 75' lang='lat' dir='ltr'>uitus</span> <span class='ocrx_word' id='word_1_54' title='bbox 230 693 346 741; x_wconf 86' lang='lat' dir='ltr'>Gallorum</span> <span class='ocrx_word' id='word_1_55' title='bbox 356 694 512 756; x_wconf 78' lang='lat' dir='ltr'>Ligurumque</span> <span class='ocrx_word' id='word_1_56' title='bbox 522 695 631 743; x_wconf 67' lang='lat' dir='ltr'>sorduisse</span> <span class='ocrx_word' id='word_1_57' title='bbox 640 693 668 740; x_wconf 85' lang='lat' dir='ltr'>ad</span> <span class='ocrx_word' id='word_1_58' title='bbox 678 708 740 739; x_wconf 84' lang='lat' dir='ltr'>arma</span> <span class='ocrx_word' id='word_1_59' title='bbox 750 699 829 740; x_wconf 76' lang='lat' dir='ltr'>contra</span> 
     </span>
    </p>

    <p class='ocr_par' dir='ltr' id='par_1_9' title="bbox 160 756 829 820">
     <span class='ocr_line' id='line_1_10' title="bbox 160 756 829 820; baseline 0.001 -18"><span class='ocrx_word' id='word_1_60' title='bbox 160 756 267 817; x_wconf 85' lang='lat' dir='ltr'>populum</span> <span class='ocrx_word' id='word_1_61' title='bbox 284 758 420 807; x_wconf 87' lang='lat' dir='ltr'>Romanurn.</span> <span class='ocrx_word' id='word_1_62' title='bbox 455 760 524 813; x_wconf 87' lang='lat' dir='ltr'>Eum,</span> <span class='ocrx_word' id='word_1_63' title='bbox 542 763 561 805; x_wconf 90' lang='lat' dir='ltr'>si</span> <span class='ocrx_word' id='word_1_64' title='bbox 579 774 623 820; x_wconf 85' lang='lat' dir='ltr'>pax</span> <span class='ocrx_word' id='word_1_65' title='bbox 641 759 743 819; x_wconf 71' lang='lat' dir='ltr'>plmeret,</span> <span class='ocrx_word' id='word_1_66' title='bbox 762 774 829 803; x_wconf 77' lang='lat' dir='ltr'>revo-</span> 
     </span>
    </p>

    <p class='ocr_par' dir='ltr' id='par_1_10' title="bbox 161 822 826 885">
     <span class='ocr_line' id='line_1_11' title="bbox 161 822 826 885; baseline 0 -18"><span class='ocrx_word' id='word_1_67' title='bbox 161 822 255 867; x_wconf 80' lang='lat' dir='ltr'>candum</span> <span class='ocrx_word' id='word_1_68' title='bbox 276 823 327 877; x_wconf 89' lang='lat' dir='ltr'>illis,</span> <span class='ocrx_word' id='word_1_69' title='bbox 350 832 373 870; x_wconf 84' lang='lat' dir='ltr'>et</span> <span class='ocrx_word' id='word_1_70' title='bbox 394 824 517 871; x_wconf 87' lang='lat' dir='ltr'>dedendum</span> <span class='ocrx_word' id='word_1_71' title='bbox 538 823 621 885; x_wconf 90' lang='lat' dir='ltr'>populo</span> <span class='ocrx_word' id='word_1_72' title='bbox 641 822 746 870; x_wconf 78' lang='lat' dir='ltr'>Romano</span> <span class='ocrx_word' id='word_1_73' title='bbox 768 838 826 869; x_wconf 80' lang='lat' dir='ltr'>esse.</span> 
     </span>
    </p>

    <p class='ocr_par' dir='ltr' id='par_1_11' title="bbox 160 884 828 950">
     <span class='ocr_line' id='line_1_12' title="bbox 160 884 828 950; baseline 0.003 -19"><span class='ocrx_word' id='word_1_74' title='bbox 160 884 233 933; x_wconf 83' lang='lat' dir='ltr'>Simul</span> <span class='ocrx_word' id='word_1_75' title='bbox 248 889 348 935; x_wconf 84' lang='lat' dir='ltr'>nuntiare</span> <span class='ocrx_word' id='word_1_76' title='bbox 356 888 421 949; x_wconf 85' lang='lat' dir='ltr'>jussi,</span> <span class='ocrx_word' id='word_1_77' title='bbox 441 888 570 950; x_wconf 83' lang='lat' dir='ltr'>“perfugas</span> <span class='ocrx_word' id='word_1_78' title='bbox 580 888 620 935; x_wconf 85' lang='lat' dir='ltr'>sihi</span> <span class='ocrx_word' id='word_1_79' title='bbox 631 902 676 933; x_wconf 92' lang='lat' dir='ltr'>non</span> <span class='ocrx_word' id='word_1_80' title='bbox 687 901 766 932; x_wconf 89' lang='lat' dir='ltr'>omnes</span> <span class='ocrx_word' id='word_1_81' title='bbox 777 886 828 933; x_wconf 88' lang='lat' dir='ltr'>rad·</span> 
     </span>
    </p>

    <p class='ocr_par' dir='ltr' id='par_1_12' title="bbox 160 948 829 1014">
     <span class='ocr_line' id='line_1_13' title="bbox 160 948 829 1014; baseline 0.004 -19"><span class='ocrx_word' id='word_1_82' title='bbox 160 950 218 996; x_wconf 87' lang='lat' dir='ltr'>ditos</span> <span class='ocrx_word' id='word_1_83' title='bbox 229 966 293 1009; x_wconf 80' lang='lat' dir='ltr'>esse;</span> <span class='ocrx_word' id='word_1_84' title='bbox 311 968 336 999; x_wconf 86' lang='lat' dir='ltr'>ao</span> <span class='ocrx_word' id='word_1_85' title='bbox 347 968 451 1014; x_wconf 85' lang='lat' dir='ltr'>magnam</span> <span class='ocrx_word' id='word_1_86' title='bbox 462 960 548 1013; x_wconf 83' lang='lat' dir='ltr'>partem</span> <span class='ocrx_word' id='word_1_87' title='bbox 559 968 635 999; x_wconf 85' lang='lat' dir='ltr'>eorum</span> <span class='ocrx_word' id='word_1_88' title='bbox 646 952 719 1012; x_wconf 82' lang='lat' dir='ltr'>palam</span> <span class='ocrx_word' id='word_1_89' title='bbox 731 948 829 998; x_wconf 81' lang='lat' dir='ltr'>Cartha·</span> 
     </span>
    </p>

    <p class='ocr_par' dir='ltr' id='par_1_13' title="bbox 159 1015 828 1078">
     <span class='ocr_line' id='line_1_14' title="bbox 159 1015 828 1078; baseline 0.006 -19"><span class='ocrx_word' id='word_1_90' title='bbox 159 1015 207 1077; x_wconf 83' lang='lat' dir='ltr'>gini</span> <span class='ocrx_word' id='word_1_91' title='bbox 226 1016 337 1065; x_wconf 87' lang='lat' dir='ltr'>obversari</span> <span class='ocrx_word' id='word_1_92' title='bbox 356 1018 411 1065; x_wconf 87' lang='lat' dir='ltr'>dici:</span> <span class='ocrx_word' id='word_1_93' title='bbox 433 1032 490 1078; x_wconf 90' lang='lat' dir='ltr'>quos</span> <span class='ocrx_word' id='word_1_94' title='bbox 509 1017 664 1078; x_wconf 83' lang='lat' dir='ltr'>comprehendi</span> <span class='ocrx_word' id='word_1_95' title='bbox 683 1016 828 1075; x_wconf 82' lang='lat' dir='ltr'>conquirique</span> 
     </span>
    </p>

    <p class='ocr_par' dir='ltr' id='par_1_14' title="bbox 160 1078 828 1134">
     <span class='ocr_line' id='line_1_15' title="bbox 160 1078 828 1134; baseline 0.003 -9"><span class='ocrx_word' id='word_1_96' title='bbox 160 1080 246 1134; x_wconf 85' lang='lat' dir='ltr'>debere,</span> <span class='ocrx_word' id='word_1_97' title='bbox 264 1090 289 1127; x_wconf 85' lang='lat' dir='ltr'>ut</span> <span class='ocrx_word' id='word_1_98' title='bbox 309 1082 348 1127; x_wconf 90' lang='lat' dir='ltr'>sibi</span> <span class='ocrx_word' id='word_1_99' title='bbox 367 1096 396 1127; x_wconf 81' lang='lat' dir='ltr'>ex</span> <span class='ocrx_word' id='word_1_100' title='bbox 413 1081 500 1129; x_wconf 84' lang='lat' dir='ltr'>ioedere</span> <span class='ocrx_word' id='word_1_101' title='bbox 518 1078 687 1129; x_wconf 78' lang='lat' dir='ltr'>restitummr.”</span> <span class='ocrx_word' id='word_1_102' title='bbox 721 1078 782 1127; x_wconf 85' lang='lat' dir='ltr'>Haec</span> <span class='ocrx_word' id='word_1_103' title='bbox 798 1080 828 1127; x_wconf 88' lang='lat' dir='ltr'>ad</span> 
     </span>
    </p>

    <p class='ocr_par' dir='ltr' id='par_1_15' title="bbox 160 1141 826 1207">
     <span class='ocr_line' id='line_1_16' title="bbox 160 1141 826 1207; baseline 0 -16"><span class='ocrx_word' id='word_1_104' title='bbox 160 1141 356 1207; x_wconf 74' lang='lat' dir='ltr'>Carthaginienses</span> <span class='ocrx_word' id='word_1_105' title='bbox 366 1146 476 1193; x_wconf 82' lang='lat' dir='ltr'>mandata.</span> <span class='ocrx_word' id='word_1_106' title='bbox 508 1146 640 1193; x_wconf 70' lang='lat' dir='ltr'>Masinissae</span> <span class='ocrx_word' id='word_1_107' title='bbox 649 1144 826 1207; x_wconf 76' lang='lat' dir='ltr'>gratularijussi,</span> 
     </span>
    </p>

    <p class='ocr_par' dir='ltr' id='par_1_16' title="bbox 160 1208 825 1273">
     <span class='ocr_line' id='line_1_17' title="bbox 160 1208 825 1273; baseline 0 -18"><span class='ocrx_word' id='word_1_108' title='bbox 160 1214 177 1241; x_wconf 69' lang='lat'>⁴*</span> <span class='ocrx_word' id='word_1_109' title='bbox 185 1210 245 1269; x_wconf 90' lang='lat' dir='ltr'>quod</span> <span class='ocrx_word' id='word_1_110' title='bbox 256 1224 302 1256; x_wconf 92' lang='lat' dir='ltr'>non</span> <span class='ocrx_word' id='word_1_111' title='bbox 313 1211 408 1272; x_wconf 89' lang='lat' dir='ltr'>patrium</span> <span class='ocrx_word' id='word_1_112' title='bbox 419 1212 487 1257; x_wconf 90' lang='lat' dir='ltr'>modo</span> <span class='ocrx_word' id='word_1_113' title='bbox 498 1208 648 1273; x_wconf 76' lang='lat' dir='ltr'>recuperisset</span> <span class='ocrx_word' id='word_1_114' title='bbox 658 1224 760 1270; x_wconf 86' lang='lat' dir='ltr'>regnum,</span> <span class='ocrx_word' id='word_1_115' title='bbox 779 1210 825 1265; x_wconf 84' lang='lat' dir='ltr'>sed,</span> 
     </span>
    </p>

    <p class='ocr_par' dir='ltr' id='par_1_17' title="bbox 158 1272 826 1337">
     <span class='ocr_line' id='line_1_18' title="bbox 158 1272 826 1337; baseline -0.003 -16"><span class='ocrx_word' id='word_1_116' title='bbox 158 1281 222 1335; x_wconf 81' lang='lat' dir='ltr'>parte</span> <span class='ocrx_word' id='word_1_117' title='bbox 239 1274 395 1322; x_wconf 76' lang='lat' dir='ltr'>florentissimi</span> <span class='ocrx_word' id='word_1_118' title='bbox 414 1275 522 1337; x_wconf 80' lang='lat' dir='ltr'>Syphacis</span> <span class='ocrx_word' id='word_1_119' title='bbox 542 1274 620 1323; x_wconf 85' lang='lat' dir='ltr'>finium</span> <span class='ocrx_word' id='word_1_120' title='bbox 641 1272 733 1337; x_wconf 77' lang='lat' dir='ltr'>adjecti,</span> <span class='ocrx_word' id='word_1_121' title='bbox 758 1276 826 1320; x_wconf 81' lang='lat' dir='ltr'>etiarn</span> 
     </span>
    </p>

    <p class='ocr_par' dir='ltr' id='par_1_18' title="bbox 157 1338 825 1401">
     <span class='ocr_line' id='line_1_19' title="bbox 157 1338 825 1401; baseline -0.001 -16"><span class='ocrx_word' id='word_1_122' title='bbox 157 1339 284 1389; x_wconf 80' lang='lat' dir='ltr'>auxisset.&#39;&#39;</span> <span class='ocrx_word' id='word_1_123' title='bbox 318 1338 429 1387; x_wconf 74' lang='lat' dir='ltr'>Nuntiate</span> <span class='ocrx_word' id='word_1_124' title='bbox 446 1348 553 1401; x_wconf 80' lang='lat' dir='ltr'>praeterea</span> <span class='ocrx_word' id='word_1_125' title='bbox 565 1340 629 1401; x_wconf 86' lang='lat' dir='ltr'>jussi,</span> <span class='ocrx_word' id='word_1_126' title='bbox 649 1347 664 1368; x_wconf 79' lang='lat'>‘⁶</span> <span class='ocrx_word' id='word_1_127' title='bbox 675 1339 755 1385; x_wconf 86' lang='lat' dir='ltr'>bellum</span> <span class='ocrx_word' id='word_1_128' title='bbox 773 1354 825 1386; x_wconf 90' lang='lat' dir='ltr'>cum</span> 
     </span>
    </p>

    <p class='ocr_par' dir='ltr' id='par_1_19' title="bbox 158 1402 825 1468">
     <span class='ocr_line' id='line_1_20' title="bbox 158 1402 825 1468; baseline 0.001 -20"><span class='ocrx_word' id='word_1_129' title='bbox 158 1418 213 1466; x_wconf 86' lang='lat' dir='ltr'>rege</span> <span class='ocrx_word' id='word_1_130' title='bbox 224 1402 326 1468; x_wconf 90' lang='lat' dir='ltr'>Philippo</span> <span class='ocrx_word' id='word_1_131' title='bbox 335 1412 470 1468; x_wconf 77' lang='lat' dir='ltr'>susceptum,</span> <span class='ocrx_word' id='word_1_132' title='bbox 482 1405 542 1466; x_wconf 92' lang='lat' dir='ltr'>quod</span> <span class='ocrx_word' id='word_1_133' title='bbox 553 1403 751 1467; x_wconf 81' lang='lat' dir='ltr'>Carthaginienses</span> <span class='ocrx_word' id='word_1_134' title='bbox 761 1403 825 1449; x_wconf 80' lang='lat' dir='ltr'>auxi-</span> 
     </span>
    </p>

    <p class='ocr_par' dir='ltr' id='par_1_20' title="bbox 156 1467 826 1534">
     <span class='ocr_line' id='line_1_21' title="bbox 156 1467 826 1534; baseline -0.006 -16"><span class='ocrx_word' id='word_1_135' title='bbox 156 1467 194 1518; x_wconf 80' lang='lat' dir='ltr'>liis</span> <span class='ocrx_word' id='word_1_136' title='bbox 203 1470 314 1531; x_wconf 74' lang='lat' dir='ltr'>Juvisset5</span> <span class='ocrx_word' id='word_1_137' title='bbox 331 1469 592 1534; x_wconf 81' lang='lat' dir='ltr'>injuriasqueinierendo</span> <span class='ocrx_word' id='word_1_138' title='bbox 607 1470 673 1518; x_wconf 83' lang='lat' dir='ltr'>sociis</span> <span class='ocrx_word' id='word_1_139' title='bbox 689 1468 826 1532; x_wconf 80' lang='lat' dir='ltr'>populi&#39;Ro-</span> 
     </span>
    </p>

    <p class='ocr_par' dir='ltr' id='par_1_21' title="bbox 157 1533 826 1597">
     <span class='ocr_line' id='line_1_22' title="bbox 157 1533 826 1597; baseline 0.003 -17"><span class='ocrx_word' id='word_1_140' title='bbox 157 1535 226 1587; x_wconf 75' lang='lat' dir='ltr'>mani,</span> <span class='ocrx_word' id='word_1_141' title='bbox 244 1534 353 1597; x_wconf 76' lang='lat' dir='ltr'>flagrante</span> <span class='ocrx_word' id='word_1_142' title='bbox 362 1537 419 1583; x_wconf 78' lang='lat' dir='ltr'>bello</span> <span class='ocrx_word' id='word_1_143' title='bbox 431 1533 503 1589; x_wconf 73' lang='lat' dir='ltr'>Italia,</span> <span class='ocrx_word' id='word_1_144' title='bbox 520 1535 631 1596; x_wconf 68' lang='lat' dir='ltr'>coegisset</span> <span class='ocrx_word' id='word_1_145' title='bbox 645 1536 726 1583; x_wconf 80' lang='lat' dir='ltr'>classes</span> <span class='ocrx_word' id='word_1_146' title='bbox 740 1533 826 1586; x_wconf 73' lang='lat' dir='ltr'>exerci-</span> 
     </span>
    </p>

    <p class='ocr_par' dir='ltr' id='par_1_22' title="bbox 159 1598 826 1660">
     <span class='ocr_line' id='line_1_23' title="bbox 159 1598 826 1660; baseline 0.004 -17"><span class='ocrx_word' id='word_1_147' title='bbox 159 1604 239 1658; x_wconf 79' lang='lat' dir='ltr'>tusque</span> <span class='ocrx_word' id='word_1_148' title='bbox 249 1600 272 1645; x_wconf 93' lang='lat' dir='ltr'>in</span> <span class='ocrx_word' id='word_1_149' title='bbox 284 1600 397 1648; x_wconf 83' lang='lat' dir='ltr'>Graeciam</span> <span class='ocrx_word' id='word_1_150' title='bbox 406 1601 478 1658; x_wconf 81' lang='lat' dir='ltr'>mitti3</span> <span class='ocrx_word' id='word_1_151' title='bbox 490 1608 519 1653; x_wconf 83' lang='lat' dir='ltr'>et,</span> <span class='ocrx_word' id='word_1_152' title='bbox 532 1600 656 1649; x_wconf 79' lang='lat' dir='ltr'>distinendo</span> <span class='ocrx_word' id='word_1_153' title='bbox 667 1598 748 1660; x_wconf 83' lang='lat' dir='ltr'>copias,</span> <span class='ocrx_word' id='word_1_154' title='bbox 759 1613 826 1647; x_wconf 77' lang='lat' dir='ltr'>causa</span> 
     </span>
    </p>

    <p class='ocr_par' dir='ltr' id='par_1_23' title="bbox 155 1662 824 1727">
     <span class='ocr_line' id='line_1_24' title="bbox 155 1662 824 1727; baseline 0 -17"><span class='ocrx_word' id='word_1_155' title='bbox 155 1662 266 1724; x_wconf 70' lang='lat' dir='ltr'>‚imprimis</span> <span class='ocrx_word' id='word_1_156' title='bbox 275 1663 354 1712; x_wconf 82' lang='lat' dir='ltr'>luisset</span> <span class='ocrx_word' id='word_1_157' title='bbox 362 1666 432 1712; x_wconf 75' lang='lat' dir='ltr'>serius</span> <span class='ocrx_word' id='word_1_158' title='bbox 442 1666 465 1713; x_wconf 88' lang='lat' dir='ltr'>in</span> <span class='ocrx_word' id='word_1_159' title='bbox 477 1664 577 1714; x_wconf 76' lang='lat' dir='ltr'>Afriem</span> <span class='ocrx_word' id='word_1_160' title='bbox 587 1663 715 1727; x_wconf 70' lang='lat' dir='ltr'>trajiciendi.</span> <span class='ocrx_word' id='word_1_161' title='bbox 735 1662 824 1717; x_wconf 83' lang='lat' dir='ltr'>Petere,</span> 
     </span>
    </p>

    <p class='ocr_par' dir='ltr' id='par_1_24' title="bbox 159 1728 826 1788">
     <span class='ocr_line' id='line_1_25' title="bbox 159 1728 826 1788; baseline 0.001 -15"><span class='ocrx_word' id='word_1_162' title='bbox 159 1734 184 1773; x_wconf 87' lang='lat' dir='ltr'>ut</span> <span class='ocrx_word' id='word_1_163' title='bbox 202 1729 230 1776; x_wconf 88' lang='lat' dir='ltr'>ad</span> <span class='ocrx_word' id='word_1_164' title='bbox 249 1729 272 1776; x_wconf 93' lang='lat' dir='ltr'>id</span> <span class='ocrx_word' id='word_1_165' title='bbox 287 1730 367 1776; x_wconf 89' lang='lat' dir='ltr'>bellurn</span> <span class='ocrx_word' id='word_1_166' title='bbox 384 1731 482 1778; x_wconf 79' lang='lat' dir='ltr'>mitteret</span> <span class='ocrx_word' id='word_1_167' title='bbox 498 1730 579 1778; x_wconf 88' lang='lat' dir='ltr'>auxilia</span> <span class='ocrx_word' id='word_1_168' title='bbox 595 1729 743 1777; x_wconf 87' lang='lat' dir='ltr'>Numidarum</span> <span class='ocrx_word' id='word_1_169' title='bbox 761 1728 826 1788; x_wconf 88' lang='lat' dir='ltr'>equi-</span> 
     </span>
    </p>

    <p class='ocr_par' dir='ltr' id='par_1_25' title="bbox 157 1791 826 1857">
     <span class='ocr_line' id='line_1_26' title="bbox 157 1791 826 1857; baseline 0.003 -19"><span class='ocrx_word' id='word_1_170' title='bbox 157 1791 234 1840; x_wconf 81' lang='lat' dir='ltr'>tum.’&#39;</span> <span class='ocrx_word' id='word_1_171' title='bbox 267 1793 337 1841; x_wconf 89' lang='lat' dir='ltr'>Dona</span> <span class='ocrx_word' id='word_1_172' title='bbox 355 1796 427 1857; x_wconf 84' lang='lat' dir='ltr'>amplo</span> <span class='ocrx_word' id='word_1_173' title='bbox 446 1795 503 1848; x_wconf 81' lang='lat' dir='ltr'>data,</span> <span class='ocrx_word' id='word_1_174' title='bbox 525 1811 576 1856; x_wconf 85' lang='lat' dir='ltr'>quae</span> <span class='ocrx_word' id='word_1_175' title='bbox 593 1794 677 1842; x_wconf 85' lang='lat' dir='ltr'>ferrent</span> <span class='ocrx_word' id='word_1_176' title='bbox 695 1793 826 1855; x_wconf 56' lang='lat' dir='ltr'>regimim</span> 
     </span>
    </p>

    <p class='ocr_par' dir='ltr' id='par_1_26' title="bbox 157 1857 826 1923">
     <span class='ocr_line' id='line_1_27' title="bbox 157 1857 826 1923; baseline -0.003 -19"><span class='ocrx_word' id='word_1_177' title='bbox 157 1871 224 1905; x_wconf 79' lang='lat' dir='ltr'>aurea</span> <span class='ocrx_word' id='word_1_178' title='bbox 237 1867 391 1922; x_wconf 80' lang='lat' dir='ltr'>argenteaque,</span> <span class='ocrx_word' id='word_1_179' title='bbox 410 1868 464 1923; x_wconf 86' lang='lat' dir='ltr'>toga</span> <span class='ocrx_word' id='word_1_180' title='bbox 476 1875 592 1922; x_wconf 86' lang='lat' dir='ltr'>purpurea,</span> <span class='ocrx_word' id='word_1_181' title='bbox 610 1866 634 1905; x_wconf 84' lang='lat' dir='ltr'>et</span> <span class='ocrx_word' id='word_1_182' title='bbox 643 1859 739 1920; x_wconf 85' lang='lat' dir='ltr'>palmata</span> <span class='ocrx_word' id='word_1_183' title='bbox 749 1857 826 1908; x_wconf 83' lang='lat' dir='ltr'>tunica</span> 
     </span>
    </p>

    <p class='ocr_par' dir='ltr' id='par_1_27' title="bbox 157 1923 825 1986">
     <span class='ocr_line' id='line_1_28' title="bbox 157 1923 825 1986; baseline 0.003 -18"><span class='ocrx_word' id='word_1_184' title='bbox 157 1937 209 1968; x_wconf 90' lang='lat' dir='ltr'>cum</span> <span class='ocrx_word' id='word_1_185' title='bbox 224 1924 321 1972; x_wconf 87' lang='lat' dir='ltr'>eburneo</span> <span class='ocrx_word' id='word_1_186' title='bbox 336 1925 440 1986; x_wconf 78' lang='lat' dir='ltr'>scipione,</span> <span class='ocrx_word' id='word_1_187' title='bbox 458 1932 481 1972; x_wconf 88' lang='lat' dir='ltr'>et</span> <span class='ocrx_word' id='word_1_188' title='bbox 496 1932 550 1986; x_wconf 81' lang='lat' dir='ltr'>toga</span> <span class='ocrx_word' id='word_1_189' title='bbox 563 1930 673 1986; x_wconf 75' lang='lat' dir='ltr'>praeteirta</span> <span class='ocrx_word' id='word_1_190' title='bbox 687 1938 738 1970; x_wconf 86' lang='lat' dir='ltr'>cum</span> <span class='ocrx_word' id='word_1_191' title='bbox 753 1923 825 1970; x_wconf 88' lang='lat' dir='ltr'>curuli</span> 
     </span>
    </p>

    <p class='ocr_par' dir='ltr' id='par_1_28' title="bbox 155 1983 825 2052">
     <span class='ocr_line' id='line_1_29' title="bbox 155 1983 825 2052; baseline -0.004 -16"><span class='ocrx_word' id='word_1_192' title='bbox 155 1983 225 2036; x_wconf 78' lang='lat' dir='ltr'>aelii:</span> <span class='ocrx_word' id='word_1_193' title='bbox 240 1990 341 2052; x_wconf 81' lang='lat' dir='ltr'>jussique</span> <span class='ocrx_word' id='word_1_194' title='bbox 355 1989 460 2052; x_wconf 83' lang='lat' dir='ltr'>polliceri,</span> <span class='ocrx_word' id='word_1_195' title='bbox 480 1990 525 2035; x_wconf 86' lang='lat' dir='ltr'>“si</span> <span class='ocrx_word' id='word_1_196' title='bbox 542 1989 595 2050; x_wconf 92' lang='lat' dir='ltr'>quid</span> <span class='ocrx_word' id='word_1_197' title='bbox 611 1985 632 2035; x_wconf 76' lang='lat' dir='ltr'>ei</span> <span class='ocrx_word' id='word_1_198' title='bbox 649 1987 825 2034; x_wconf 86' lang='lat' dir='ltr'>adfirmandum</span> 
     </span>
    </p>

    <p class='ocr_par' dir='ltr' id='par_1_29' title="bbox 156 2052 825 2116">
     <span class='ocr_line' id='line_1_30' title="bbox 156 2052 825 2116; baseline 0.001 -18"><span class='ocrx_word' id='word_1_199' title='bbox 156 2053 327 2116; x_wconf 86' lang='lat' dir='ltr'>augendumque</span> <span class='ocrx_word' id='word_1_200' title='bbox 342 2070 436 2116; x_wconf 80' lang='lat' dir='ltr'>regnum</span> <span class='ocrx_word' id='word_1_201' title='bbox 451 2070 507 2116; x_wconf 91' lang='lat' dir='ltr'>opus</span> <span class='ocrx_word' id='word_1_202' title='bbox 522 2052 709 2116; x_wconf 74' lang='lat' dir='ltr'>essejudicisset,</span> <span class='ocrx_word' id='word_1_203' title='bbox 726 2053 788 2098; x_wconf 85' lang='lat' dir='ltr'>enise</span> <span class='ocrx_word' id='word_1_204' title='bbox 801 2052 825 2099; x_wconf 90' lang='lat' dir='ltr'>id</span> 
     </span>
    </p>

    <p class='ocr_par' dir='ltr' id='par_1_30' title="bbox 155 2115 823 2181">
     <span class='ocr_line' id='line_1_31' title="bbox 155 2115 823 2181; baseline -0.003 -17"><span class='ocrx_word' id='word_1_205' title='bbox 155 2117 262 2178; x_wconf 89' lang='lat' dir='ltr'>populum</span> <span class='ocrx_word' id='word_1_206' title='bbox 270 2118 399 2165; x_wconf 84' lang='lat' dir='ltr'>Romanum</span> <span class='ocrx_word' id='word_1_207' title='bbox 410 2120 491 2166; x_wconf 87' lang='lat' dir='ltr'>merito</span> <span class='ocrx_word' id='word_1_208' title='bbox 501 2120 549 2181; x_wconf 86' lang='lat' dir='ltr'>ejus</span> <span class='ocrx_word' id='word_1_209' title='bbox 559 2115 743 2180; x_wconf 74' lang='lat' dir='ltr'>praesmtumm.&#39;’</span> <span class='ocrx_word' id='word_1_210' title='bbox 764 2116 823 2162; x_wconf 88' lang='lat' dir='ltr'>Ver·</span> 
     </span>
    </p>

    <p class='ocr_par' dir='ltr' id='par_1_31' title="bbox 156 2181 824 2246">
     <span class='ocr_line' id='line_1_32' title="bbox 156 2181 824 2246; baseline 0 -17"><span class='ocrx_word' id='word_1_211' title='bbox 156 2181 224 2230; x_wconf 82' lang='lat' dir='ltr'>minae</span> <span class='ocrx_word' id='word_1_212' title='bbox 235 2199 328 2244; x_wconf 87' lang='lat' dir='ltr'>quoque,</span> <span class='ocrx_word' id='word_1_213' title='bbox 344 2185 451 2246; x_wconf 76' lang='lat' dir='ltr'>Syphacis</span> <span class='ocrx_word' id='word_1_214' title='bbox 457 2184 509 2238; x_wconf 82' lang='lat' dir='ltr'>iiiii,</span> <span class='ocrx_word' id='word_1_215' title='bbox 522 2185 590 2246; x_wconf 80' lang='lat' dir='ltr'>legati</span> <span class='ocrx_word' id='word_1_216' title='bbox 600 2199 640 2245; x_wconf 88' lang='lat' dir='ltr'>per</span> <span class='ocrx_word' id='word_1_217' title='bbox 650 2199 690 2230; x_wconf 90' lang='lat' dir='ltr'>eos</span> <span class='ocrx_word' id='word_1_218' title='bbox 700 2182 747 2229; x_wconf 81' lang='lat' dir='ltr'>dies</span> <span class='ocrx_word' id='word_1_219' title='bbox 758 2196 824 2229; x_wconf 79' lang='lat' dir='ltr'>aena·</span> 
     </span>
    </p>

    <p class='ocr_par' dir='ltr' id='par_1_32' title="bbox 156 2246 822 2310">
     <span class='ocr_line' id='line_1_33' title="bbox 156 2246 822 2310; baseline -0.003 -14"><span class='ocrx_word' id='word_1_220' title='bbox 156 2253 205 2296; x_wconf 82' lang='lat' dir='ltr'>turn</span> <span class='ocrx_word' id='word_1_221' title='bbox 216 2248 323 2302; x_wconf 81' lang='lat' dir='ltr'>adierunt,</span> <span class='ocrx_word' id='word_1_222' title='bbox 340 2257 473 2296; x_wconf 79' lang='lat' dir='ltr'>excusantes</span> <span class='ocrx_word' id='word_1_223' title='bbox 487 2264 584 2299; x_wconf 86' lang='lat' dir='ltr'>errorem</span> <span class='ocrx_word' id='word_1_224' title='bbox 600 2246 822 2310; x_wconf 80' lang='lat' dir='ltr'>adolescentiamque,</span> 
     </span>
    </p>

    <p class='ocr_par' dir='ltr' id='par_1_33' title="bbox 156 2312 824 2376">
     <span class='ocr_line' id='line_1_34' title="bbox 156 2312 824 2376; baseline 0 -18"><span class='ocrx_word' id='word_1_225' title='bbox 156 2319 179 2358; x_wconf 88' lang='lat' dir='ltr'>et</span> <span class='ocrx_word' id='word_1_226' title='bbox 190 2313 277 2374; x_wconf 89' lang='lat' dir='ltr'>culpam</span> <span class='ocrx_word' id='word_1_227' title='bbox 286 2327 375 2362; x_wconf 88' lang='lat' dir='ltr'>omnem</span> <span class='ocrx_word' id='word_1_228' title='bbox 387 2314 409 2359; x_wconf 93' lang='lat' dir='ltr'>in</span> <span class='ocrx_word' id='word_1_229' title='bbox 419 2313 520 2364; x_wconf 74' lang='lat' dir='ltr'>fraudem</span> <span class='ocrx_word' id='word_1_230' title='bbox 532 2312 749 2376; x_wconf 76' lang='lat' dir='ltr'>Carthaginiensium</span> <span class='ocrx_word' id='word_1_231' title='bbox 758 2327 824 2358; x_wconf 82' lang='lat' dir='ltr'>aver·</span> 
     </span>
    </p>

    <p class='ocr_par' dir='ltr' id='par_1_34' title="bbox 154 2376 848 2706">
     <span class='ocr_line' id='line_1_35' title="bbox 154 2376 848 2434; baseline 0.001 -12"><span class='ocrx_word' id='word_1_232' title='bbox 154 2383 241 2426; x_wconf 84' lang='lat' dir='ltr'>tentes:</span> <span class='ocrx_word' id='word_1_233' title='bbox 263 2385 278 2408; x_wconf 79' lang='lat'>‘⁴</span> <span class='ocrx_word' id='word_1_234' title='bbox 289 2378 322 2426; x_wconf 84' lang='lat' dir='ltr'>Et</span> <span class='ocrx_word' id='word_1_235' title='bbox 333 2378 477 2430; x_wconf 83' lang='lat' dir='ltr'>Masinissam</span> <span class='ocrx_word' id='word_1_236' title='bbox 488 2378 598 2427; x_wconf 88' lang='lat' dir='ltr'>Romanis</span> <span class='ocrx_word' id='word_1_237' title='bbox 612 2393 641 2424; x_wconf 85' lang='lat' dir='ltr'>ex</span> <span class='ocrx_word' id='word_1_238' title='bbox 651 2378 716 2424; x_wconf 80' lang='lat' dir='ltr'>hoste</span> <span class='ocrx_word' id='word_1_239' title='bbox 726 2376 823 2434; x_wconf 79' lang='lat' dir='ltr'>amioum</span> <span class='ocrx_word' id='word_1_240' title='bbox 844 2397 848 2404; x_wconf 93' lang='lat'>·</span> 
     </span>
     <span class='ocr_line' id='line_1_36' title="bbox 154 2439 822 2505; baseline 0.001 -18"><span class='ocrx_word' id='word_1_241' title='bbox 154 2439 252 2489; x_wconf 82' lang='lat' dir='ltr'>lactum:</span> <span class='ocrx_word' id='word_1_242' title='bbox 271 2442 402 2491; x_wconf 84' lang='lat' dir='ltr'>Verminam</span> <span class='ocrx_word' id='word_1_243' title='bbox 413 2459 502 2505; x_wconf 90' lang='lat' dir='ltr'>quoque</span> <span class='ocrx_word' id='word_1_244' title='bbox 512 2443 649 2496; x_wconf 86' lang='lat' dir='ltr'>annisumm,</span> <span class='ocrx_word' id='word_1_245' title='bbox 661 2457 698 2496; x_wconf 85' lang='lat' dir='ltr'>ne,</span> <span class='ocrx_word' id='word_1_246' title='bbox 710 2441 789 2489; x_wconf 86' lang='lat' dir='ltr'>officiis</span> <span class='ocrx_word' id='word_1_247' title='bbox 799 2441 822 2488; x_wconf 88' lang='lat' dir='ltr'>in</span> 
     </span>
     <span class='ocr_line' id='line_1_37' title="bbox 154 2505 824 2567; baseline 0.001 -15"><span class='ocrx_word' id='word_1_248' title='bbox 154 2505 261 2567; x_wconf 88' lang='lat' dir='ltr'>populum</span> <span class='ocrx_word' id='word_1_249' title='bbox 273 2507 409 2563; x_wconf 84' lang='lat' dir='ltr'>Romanum,</span> <span class='ocrx_word' id='word_1_250' title='bbox 425 2515 463 2556; x_wconf 83' lang='lat' dir='ltr'>aui</span> <span class='ocrx_word' id='word_1_251' title='bbox 474 2523 488 2556; x_wconf 89' lang='lat' dir='ltr'>a</span> <span class='ocrx_word' id='word_1_252' title='bbox 498 2505 619 2557; x_wconf 75' lang='lat' dir='ltr'>Masinissa</span> <span class='ocrx_word' id='word_1_253' title='bbox 633 2514 672 2554; x_wconf 81' lang='lat' dir='ltr'>aut</span> <span class='ocrx_word' id='word_1_254' title='bbox 681 2508 710 2556; x_wconf 84' lang='lat' dir='ltr'>ab</span> <span class='ocrx_word' id='word_1_255' title='bbox 724 2507 769 2553; x_wconf 93' lang='lat' dir='ltr'>ullo</span> <span class='ocrx_word' id='word_1_256' title='bbox 780 2506 824 2553; x_wconf 87' lang='lat' dir='ltr'>allo</span> 
     </span>
     <span class='ocr_line' id='line_1_38' title="bbox 154 2569 821 2633; baseline 0.001 -19"><span class='ocrx_word' id='word_1_257' title='bbox 154 2569 264 2618; x_wconf 78' lang='lat' dir='ltr'>vincatur.</span> <span class='ocrx_word' id='word_1_258' title='bbox 299 2571 387 2626; x_wconf 82' lang='lat' dir='ltr'>Petere,</span> <span class='ocrx_word' id='word_1_259' title='bbox 410 2581 435 2620; x_wconf 87' lang='lat' dir='ltr'>ut</span> <span class='ocrx_word' id='word_1_260' title='bbox 453 2573 514 2624; x_wconf 69' lang='lat' dir='ltr'>Rex·</span> <span class='ocrx_word' id='word_1_261' title='bbox 532 2572 661 2633; x_wconf 58' lang='lat' dir='ltr'>sociusque</span> <span class='ocrx_word' id='word_1_262' title='bbox 679 2580 702 2618; x_wconf 85' lang='lat' dir='ltr'>et</span> <span class='ocrx_word' id='word_1_263' title='bbox 718 2571 821 2622; x_wconf 82' lang='lat' dir='ltr'>Amicus,</span> 
     </span>
     <span class='ocr_line' id='line_1_39' title="bbox 154 2633 819 2706; baseline -0.003 -19"><span class='ocrx_word' id='word_1_264' title='bbox 154 2633 182 2685; x_wconf 72' lang='lat' dir='ltr'>ab</span> <span class='ocrx_word' id='word_1_265' title='bbox 200 2637 470 2706; x_wconf 68' lang='lat' dir='ltr'>uenatu‘sppellaretur.”</span> <span class='ocrx_word' id='word_1_266' title='bbox 509 2635 653 2701; x_wconf 80' lang='lat' dir='ltr'>Responsum</span> <span class='ocrx_word' id='word_1_267' title='bbox 668 2636 752 2706; x_wconf 64' lang='lat' dir='ltr'>legalia</span> <span class='ocrx_word' id='word_1_268' title='bbox 770 2644 819 2692; x_wconf 72' lang='lat' dir='ltr'>ests</span> 
     </span>
    </p>
   </div>
   <div class='ocr_carea' id='block_1_4' title="bbox 0 0 938 2925">
    <p class='ocr_par' dir='ltr' id='par_1_35' title="bbox 0 0 938 2925">
     <span class='ocr_line' id='line_1_40' title="bbox 0 0 938 2925; baseline 0 2"><span class='ocrx_word' id='word_1_269' title='bbox 0 0 938 2925; x_wconf 95' lang='lat' dir='ltr'> </span> 
     </span>
    </p>
   </div>
  </div>
 </body>
</html>
