1867 2925
181 133 316 191 nsum
331 134 384 184 Lu.
397 133 537 185 XXXVII.
558 132 617 185 Cer.
632 138 672 183 41.
716 140 766 185 838
823 166 827 173 ·

93 279 147 315 nam
158 275 184 315 et
195 268 315 315 obsumus
324 266 381 314 lucis
391 266 416 313 in
430 265 478 313 acie
492 263 580 313 modici
595 265 706 313 Romanis
720 280 767 313 non

93 334 208 384 adimebat
218 333 241 379 in
250 346 326 379 omnes
333 340 409 394 portes
416 339 560 393 conspectum
566 349 573 389 ;
588 339 610 379 et
618 333 705 386 humor,
718 338 767 379 toto

92 398 144 445 fere
159 398 223 460 gravi
238 405 330 451 armatu,
348 398 404 443 nibil
418 396 505 459 gladios
521 405 560 443 aut
576 397 620 459 pile
635 398 764 445 hebetabat:

93 463 161 525 regii,
177 469 222 508 tam
232 460 276 508 letti
286 463 341 511 scie,
358 476 387 508 ne
397 477 427 507 ex
437 462 510 508 medio
524 462 613 521 quidem
629 476 712 509 cornua
727 476 768 509 sua

93 528 263 589 circumspicere
273 535 384 589 poterant,
403 526 484 573 nedum
499 528 593 574 extremi
608 528 666 573 inter
677 542 702 573 se
712 540 767 573 con·

94 593 232 653 spicerentur
239 592 254 649 ;'
263 599 287 637 et
297 593 379 638 humor
390 607 455 638 arcus
468 591 593 653 fundasque
607 599 630 638 et
640 589 767 654 jaculorum

93 664 190 711 amenta,
202 657 333 706 emollierat
368 655 389 703 F
389 657 467 703 alcatae
478 670 568 718 quoque
580 656 701 719 quadrigae,
719 656 769 717 qui·

91 723 134 767 bus
146 737 171 768 se
180 722 359 783 perturbaturum
368 722 466 767 bostium
477 722 547 767 aciem
559 722 686 768 Antiochus
697 720 769 767 credi-

92 787 164 840 derat,
184 786 208 832 in
226 802 279 832 suos
294 794 401 834 terrorem
417 794 540 833 verterunt
559 787 675 833 'Armatae
692 794 766 833 autem

92 852 116 897 in
127 850 189 897 bunc
201 852 298 897 maxime
308 851 399 901 modum
410 858 488 897 erant:
507 852 609 913 cuspides
623 852 682 898 circa
694 860 767 898 terno-

93 928 147 962 nem
162 917 189 962 ab
201 918 260 978 jugo
276 917 352 963 decem
369 916 443 964 cubita
458 924 579 969 exstantes,
598 917 659 963 velut
675 931 765 970 cornus,

92 982 217 1038 babebnnt;
238 981 324 1042 quibus,
342 981 448 1059 quidquid
461 982 551 1031 obvium
567 983 662 1034 daretur,
678 980 768 1027 transfi-

125 1052 189 1093 rent.
214 1052 238 1091 et
253 1046 276 1091 in
292 1047 398 1093 extremis
411 1047 475 1108 jugis
491 1046 550 1093 binae
566 1048 625 1093 circu
640 1046 768 1093 eminebant

91 1062 188 1168 ffices,
198 1110 267 1157 alters
282 1120 369 1171 aequata
379 1115 446 1173 jugo,
464 1112 533 1157 alters
547 1111 656 1159 inferior'
650 1126 673 1157 ιιι
685 1119 767 1158 terram

91 1175 193 1225 devexa:
216 1175 260 1228 illa,
278 1183 310 1229 ut,
328 1176 433 1236 quidquid
447 1177 475 1223 sb
489 1176 557 1223 lutere
573 1178 710 1239 objiceretur,
728 1176 767 1223 ab·

92 1240 222 1297 scinderet3
245 1240 301 1293 baec,
323 1248 347 1286 ut
362 1241 477 1302 prolapsos
497 1242 660 1301 subeuntesque
679 1242 767 1288 contin·

91 1313 173 1367 geret:
192 1306 246 1352 item
257 1306 284 1351 sb
295 1304 373 1351 axibus
384 1314 482 1359 rotarum
495 1306 605 1366 utrimque
614 1306 673 1353 binae
687 1306 766 1351 eodem

91 1369 163 1417 modo
173 1370 268 1416 diversae
279 1370 431 1431 deligabantur
441 1369 517 1417 sulces.
554 1370 591 1417 Sic
604 1378 700 1415 armatas
711 1384 767 1429 qua-

91 1435 177 1498 drigas,
190 1435 248 1496 quia,
261 1435 280 1481 si
291 1435 314 1480 in
325 1443 426 1482 extremo
437 1442 476 1483 aut
484 1436 506 1481 in
515 1434 588 1482 medio
597 1436 675 1482 locatae
683 1432 765 1490 forent,

90 1506 133 1564 per
144 1516 199 1546 suos
210 1501 303 1562 egendae
315 1507 384 1553 erant,
396 1501 419 1546 in
430 1499 502 1562 primi
512 1501 560 1546 acie
572 1502 608 1564 (ut
619 1508 671 1546 ante
682 1500 766 1546 dictum

90 1563 138 1626 est)
154 1565 268 1612 locaverat
279 1580 325 1612 rex.
362 1564 431 1618 Quod
446 1565 482 1611 ubi
498 1565 614 1612 Eumenes
630 1566 691 1619 vidit,
707 1565 767 1612 houd

91 1631 186 1693 ignarus
197 1645 287 1692 pugnae‚
301 1637 324 1676 et
333 1645 400 1689 quam
412 1645 493 1692 anceps
504 1639 563 1677 esset
571 1630 646 1678 auxilii
654 1645 734 1692 genus,
748 1631 767 1678 si

91 1697 142 1756 quis
153 1711 260 1757 pavorem
271 1694 344 1756 magis
354 1695 417 1755 equis
427 1695 534 1756 injiceret,
547 1711 612 1756 quam
621 1693 683 1758 justi
694 1697 768 1742 adori-

90 1768 155 1807 retur
167 1758 251 1822 pugmi,
269 1757 390 1811 Cretenses
404 1761 538 1820 sagittarios,
553 1760 727 1822 funditoresque,
744 1767 767 1807 et

86 1825 225 1889 Jsculatores
233 1825 340 1886 equitum,
350 1824 523 1877 nonconlertos,
536 1827 582 1879 sed,
594 1840 660 1886 quam
669 1825 767 1871 maxime
781 1845 782 1848 ¹

90 1899 193 1953 possent,
214 1890 332 1951 dispersos,
353 1904 471 1940 excurrere
483 1891 547 1952 Jubet
553 1908 561 1947 3
581 1890 647 1936 simul
663 1889 766 1935 omnibus

89 1956 192 2018 portibus
208 1955 253 2000 tela
266 1955 375 2016 ingerere.
412 1953 473 2000 Haec
488 1955 549 2001 velut
562 1955 666 2015 procella,
683 1955 764 2016 partim
782 1977 784 1980 ·

89 2019 221 2067 vulneribus
229 2019 345 2065 missilium
355 2019 452 2079 undique
459 2021 619 2081 conjectorum,
631 2020 711 2081 partim
721 2020 767 2066 cia·

90 2086 192 2132 moribus
203 2084 305 2138 dissonis,
321 2085 353 2130 ita
366 2085 519 2130 consternavit
533 2101 610 2144 equos,
628 2093 653 2130 ut
666 2092 765 2146 repente,

17 2171 20 2175 ²
90 2152 155 2197 velut
166 2148 275 2204 effrenati,
291 2150 373 2210 possim
388 2149 474 2195 incerto
489 2165 554 2195 cursu
565 2149 689 2196 ferrentur:
709 2164 766 2210 quo-
814 2209 818 2216 .

90 2231 142 2263 rum
153 2215 252 2275 impetus
263 2221 286 2260 et
296 2214 351 2259 levis
361 2221 480 2268 muratum,
493 2223 516 2260 et
527 2215 622 2276 expediti
632 2213 764 2267 funditores,

90 2289 113 2327 et
128 2280 197 2327 velox
213 2277 337 2331 Cretensis,
353 2286 470 2328 momento
483 2279 634 2326 declinabant:
659 2289 682 2325 et
696 2292 766 2338 eques

90 2344 231 2406 insequendo
242 2344 363 2389 tumultum
371 2359 397 2390 uc
405 2359 511 2405 pavorem
521 2346 582 2404 equis
591 2344 732 2402 camelisque,
743 2349 767 2388 et

90 2410 145 2485 ipsis
162 2409 229 2455 simul
242 2409 397 2461 consternatis,
413 2409 516 2468 sugebat,
532 2409 629 2454 clamore
643 2415 666 2452 et
681 2407 708 2453 ab
723 2403 766 2452 alia

90 2473 295 2520 circumstantium
301 2471 365 2518 mrbsi
379 2472 495 2532 multiplici
509 2473 602 2533 adjecto.
639 2468 674 2516 Its
691 2469 765 2516 medio

89 2539 150 2585 inter
161 2537 217 2584 duas
227 2537 286 2582 acies
300 2551 380 2596 campo
394 2537 516 2597 exigimtur
530 2533 658 2594 quadrigae:
678 2540 765 2583 mnoto-

88 2618 135 2663 que
145 2601 208 2648 innni
222 2600 323 2653 ludibrio,
342 2608 390 2646 tum
405 2600 495 2646 demum
511 2597 636 2658 adjustum
651 2598 763 2660 proelium,

88 2667 158 2730 signo
170 2665 282 2727 utrimque
293 2665 353 2720 dato,
365 2678 499 2721 concursum
510 2667 551 2714 est.

839 2737 923 2906 d
