1867 2925
176 680 333 731 EPITOME
350 678 446 729 LIBRI
463 679 647 730 TRICESIMI
664 676 831 730 SECUNDI.

168 826 308 876 conanum
319 827 420 889 prodigia
438 842 467 873 ex
485 828 578 875 diversis
595 828 722 891 regionibus
736 827 843 874 nuntiata

168 892 308 940 reseruntur:
328 893 386 939 inter
397 908 454 953 quaeq
468 894 491 937 in
503 892 638 939 Macedonici
649 895 672 939 in
683 893 749 955 puppi
760 893 841 953 longae

169 958 232 1005 navia
242 958 340 1004 lauream
355 972 405 1003 esse
419 966 501 1003 natam.
536 957 565 1004 T.
578 958 686 1013 Quintius
698 956 842 1004 Flamininus

167 1022 246 1069 consul
257 1024 363 1069 adversus
375 1021 502 1083 Philippum
510 1020 603 1069 feliciter
614 1023 724 1085 pugnavit
734 1023 757 1067 in
767 1021 843 1067 fauci-

167 1088 209 1133 bus
228 1086 300 1148 Epiri,
322 1085 472 1147 fugatumque
490 1087 565 1149 coegit
586 1089 609 1134 in
631 1102 727 1149 regnum
746 1087 838 1133 reverti.

169 1150 223 1213 Ipse
234 1150 380 1203 Thessaliam,
397 1166 448 1211 quae
465 1158 501 1197 est
516 1151 590 1198 vicina
604 1152 753 1204 Macedoniae,
770 1151 842 1199 sociis

168 1215 254 1263 AEtolis
265 1222 288 1262 et
299 1215 470 1270 Athamanibus,
488 1217 584 1262 vexavit.
620 1216 649 1262 L.
664 1216 772 1270 Quintius
783 1215 841 1263 Fla·¹

168 1282 274 1334 mininus,
290 1280 388 1328 connaiis
400 1280 477 1335 irater,
495 1282 574 1328 Attalo
590 1297 644 1343 rege
658 1291 681 1328 et
692 1280 787 1327 Rhodiis
800 1280 841 1327 ad-

163 1346 300 1409 juvantibus,
312 1346 336 1391 in
348 1344 459 1392 Euboeam
471 1353 494 1392 et
504 1347 638 1393 maritimam
649 1362 711 1392 oram
722 1339 843 1408 trajectus,¹

168 1410 280 1459 Eretriam
300 1410 444 1473 expugnavit.
480 1410 560 1457 Achaei
577 1412 600 1457 in
617 1411 735 1457 amicitiam
755 1410 841 1473 recepti

168 1485 230 1523 sunt.
265 1475 396 1537 conjuratio
408 1491 531 1529 servorum,
546 1475 608 1523 facta
618 1477 645 1523 de
656 1477 768 1523 solvendis
779 1470 841 1523 Car}-

166 1541 339 1602 thaginiensium
351 1540 467 1595 obsidibus,
480 1557 585 1603 oppressa
595 1551 644 1597 est;
664 1542 708 1587 (luo
719 1541 788 1586 millia
799 1556 849 1587 no-

97 1605 101 1612 '
167 1605 211 1651 cati
223 1612 282 1650 sunt.
318 1603 445 1650 Praetorum
457 1621 563 1652 numerus
573 1607 691 1668 ampliatus
702 1613 743 1659 est,
756 1613 781 1652 ut
790 1606 840 1652 seni

167 1675 302 1715 crearentur.
338 1667 457 1716 Cornelius
475 1669 591 1733 Cethegus
607 1672 685 1718 consul
701 1671 781 1718 Gallos
798 1669 842 1716 In·

168 1734 246 1780 subres
273 1733 336 1779 roelio
346 1732 410 1780 fudit.
447 1733 507 1783 Cum
518 1735 696 1783 Lacedaemoniis
707 1744 730 1783 et
740 1743 839 1797 tyranno

166 1813 245 1844 comm
282 1798 344 1845 abide
354 1799 534 1862 amicitiajuncta
545 1808 587 1847 ost
622 1800 737 1849 Praeterea
748 1815 840 1865 expug-

169 1863 270 1913 nationes
281 1864 368 1913 urbium
378 1863 402 1912 in
413 1863 548 1914 Macedonia
560 1865 693 1915 reseruntur.
