1867 2925
171 124 222 168 888
253 119 283 167 Τ.
295 118 384 166 LIVII
402 119 456 169 Lnr·
468 117 620 167 XXXVIII.
640 118 700 169 Car.
713 123 760 170 8Ῑέ

168 248 266 302 ,Αὼιῖοί
281 251 369 298 ccucilii
382 255 464 303 meent,
482 250 508 296 in
520 250 593 297 ricem
605 256 735 298 consocius
750 266 843 314 aperu-
856 257 859 260 ’

170 323 221 362 tur:
240 322 264 362 et
274 316 315 362 sub
326 316 446 362 adventum
457 315 563 369 consulis,
575 315 709 377 Demiurgia
720 317 842 364 civitafium
915 320 916 325 ’

171 379 223 490 qqui
239 395 339 426 summus
355 388 390 427 est
402 375 559 442 magistratus)
576 380 670 442 AEgium
689 383 843 435 evocantibus.
915 404 916 421 t

193 443 330 519 lqilopoemen
349 445 442 508 (praetor
462 453 510 491 tum
528 443 587 505 erat)
607 445 687 506 Argoa
705 454 842 492 conventum

170 508 255 556 edint:
275 525 385 570 quocum
400 516 514 570 appareret
529 524 608 556 omnes
621 509 669 555 lere
682 518 844 564 conventuros,

168 574 354 634 consulquoque,
366 589 500 634 quamquam
511 573 655 635 AEgiensium
664 573 753 622 favebat
760 590 844 629 musar,
915 572 916 613 ἶ

172 639 252 700 Argoa
266 639 342 686 venit:
361 639 397 684 ubi
411 654 462 685 cum
474 638 604 700 disceptatio
613 638 700 690 fuisset,
716 646 740 684 et
749 654 797 684 rem
808 640 844 684 irr-
915 642 916 653 ¹

169 703 277 750 eliuatarn
298 711 406 756 censeret,
432 704 521 764 incepto
542 703 633 751 destitit
678 702 842 750 lacedaemonii

171 766 253 814 dende
267 783 318 814 eam
329 768 352 814 in
364 768 535 830 sualeertamina
548 774 685 814 averterunt.
721 768 842 815 Sollicitam

172 846 223 878 eam
244 833 357 879 civimtem
380 833 467 880 exsules
486 833 584 880 maxime
601 833 725 889 habehant;
749 847 842 892 quorun

169 911 256 958 magua
266 911 317 958 para
328 898 350 944 iu
361 897 478 944 maritimis
487 896 606 944 Laconicae
617 913 665 943 orae
675 897 781 950 castellis,
792 911 844 956 quae

170 963 247 1014 ¹omnis
262 962 351 1008 ademta
368 969 423 1014 erat,
441 962 573 1008 habitabant.
608 961 637 1010 Id
655 977 721 1022 aegre.
736 963 845 1022 patientes

170 1023 348 1080 Lacedaemonii,
367 1034 392 1072 ut
410 1023 483 1086 aliqui
500 1026 593 1072 liberum
611 1026 641 1072 ad
658 1041 720 1073 mare
739 1027 845 1080 haberent

169 1090 266 1143 aditum,
285 1090 303 1136 si
318 1091 407 1150 quaudo
422 1089 520 1137 Romam
535 1091 607 1137 aliove
620 1105 667 1151 quo
682 1091 800 1136 mitterent
813 1092 845 1136 le-

171 1161 247 1214 gatos,
265 1155 374 1215 simulque
389 1165 414 1201 ut
428 1155 552 1216 emporium
566 1165 590 1203 et
604 1155 769 1216 receptaculum
783 1171 845 1216 pero·

168 1219 245 1280 grinis
253 1221 362 1266 mercibus
371 1221 398 1266 ad
407 1221 543 1266 necessarios
554 1235 608 1266 usus
618 1227 684 1271 esset,
696 1226 765 1266 nocte
775 1219 846 1266 adorti

175 1283 249 1330 uicum
266 1285 409 1338 maritimum,
428 1285 518 1330 nonrine
534 1284 592 1337 Lan,
610 1284 733 1344 improviso
751 1299 847 1344 occupa·
915 1300 916 1335 3

172 1345 235 1408 ¹rire.
272 1349 359 1402 Vicani,
377 1349 458 1409 quique
473 1349 502 1394 ibi
518 1349 607 1394 exsules
621 1349 757 1402 habitabant,
774 1349 846 1410 primo

172 1411 288 1475 inopinati
307 1427 330 1460 re
349 1413 419 1459 territi
438 1420 504 1458 suut:
530 1413 616 1466 deinde,
637 1413 679 1458 sub
697 1413 773 1458 lucem
794 1429 849 1459 con·

168 1480 271 1541 gregati,
293 1480 337 1527 levi
356 1478 477 1525 certamine
495 1478 628 1539 expulerunt
649 1476 846 1526 Lacedaemonios.

175 1542 260 1591 Terror
274 1552 348 1590 tamen
364 1557 452 1589 omnem
467 1543 600 1588 maritimam
611 1558 672 1589 cram
683 1544 797 1603 pervasit:
816 1543 847 1589 le·

169 1615 286 1668 ¹gatosque
301 1608 449 1655 communiter
465 1615 489 1653 et
504 1608 595 1654 castella
618 1607 693 1653 omnia
709 1608 807 1668 vicique,
824 1615 847 1654 et
915 1657 916 1660 ,

169 1672 271 1725 exsules,
288 1673 366 1733 quibus
381 1672 410 1719 ibi
424 1672 534 1719 domicilia
543 1680 612 1725 erant,
629 1672 658 1719 ad
669 1672 771 1721 Achaeos
781 1674 848 1727 mise
915 1681 916 1688 ¹

177 1744 310 1849 mXXXI.
328 1802 485 1865 Philopoemen
501 1810 591 1864 praetor,
604 1804 653 1865 jam
669 1802 722 1849 inde
739 1804 769 1850 al)
786 1802 847 1849 initio
915 1813 916 1816 ’

173 1869 279 1914 exsulum
290 1884 364 1915 causae
380 1876 403 1914 et
418 1868 510 1922 amicus,
526 1876 550 1914 et
564 1877 642 1914 auctor
656 1883 746 1928 semper
757 1867 847 1917 Accua

169 1932 289 1979 minuendi
298 1948 352 1993 opes
361 1941 384 1979 et
391 1933 544 1979 auctoritatem
553 1931 787 1987 lacedaemoniorum,
795 1947 847 1979 con-
915 1971 916 1976 ,

174 1996 252 2043 cilium
263 1998 405 2057 querentibus
415 1998 488 2043 dedit:
508 1997 671 2057 decretumque,
687 2012 716 2043 co
729 1997 845 2050 referente,
915 2021 916 2028 κ

172 2060 260 2107 lactum
271 2070 319 2108 est:
341 2060 425 2110 “Cum
440 2062 462 2107 in
477 2061 544 2110 fidem
559 2062 696 2109 Achaeonrm
711 2062 848 2123 tutelamque

177 2124 206 2171 T.
227 2124 333 2179 Quintius
352 2134 375 2173 et
394 2126 493 2173 Romani
512 2126 631 2173 Laconicae
650 2141 697 2171 orae
716 2127 809 2174 castella
824 2133 848 2173 et

172 2190 239 2237 ¹vicos
256 2191 403 2243 tradidissent,
421 2198 451 2243 et,
468 2205 521 2237 cum
537 2192 646 2238 abstinere
662 2191 697 2237 his
716 2204 746 2236 ex
764 2190 848 2238 federe

170 2250 343 2305 Lacedaemonii
358 2255 469 2309 deberent,
488 2255 535 2301 Lus
546 2256 612 2308 uicus
626 2262 770 2318 oppugnatus
781 2263 848 2309 esset,

177 2318 295 2378 caedesque
311 2320 340 2365 ibi
357 2319 429 2375 facta;
446 2320 485 2379 qui
500 2322 548 2381 ejus
563 2321 594 2366 rei
608 2327 710 2366 auctores
725 2319 849 2381 affinesque
915 2321 916 2374 ἶ

174 2389 258 2434 essent,
276 2382 317 2428 nisi
333 2383 465 2429 dederentur
481 2384 579 2437 Achaeis,
597 2385 704 2430 violatum
718 2385 791 2430 videri
805 2384 847 2431 loe·

174 2442 244 2488 dus.”
278 2446 317 2495 Ad
331 2448 486 2508 exposcendos
503 2465 543 2494 eos
558 2450 626 2511 legati
641 2448 758 2509 extemplo
774 2447 849 2496 Lace·

102 2535 104 2539 -
174 2504 302 2577 daemonem
313 2512 445 2559 missisunt.
481 2510 510 2557 Id
524 2514 642 2575 imperium
655 2512 712 2559 adeo
727 2514 848 2574 superbiam

168 2573 199 2638 ‚et
209 2570 325 2642 qudiguum
337 2574 516 2623 Lacedaemoniis
526 2579 600 2625 visum
610 2585 652 2631 est,
669 2583 702 2629 ut,
719 2577 740 2623 si
756 2579 848 2637 antiqua

169 2636 272 2683 civicas
288 2636 468 2697 fortunuesset,
487 2642 548 2689 haud
570 2642 636 2690 dubie
651 2656 714 2696 mma
732 2642 848 2711 externplq
