1867 2925
158 137 208 183 274
255 130 284 181 T·
298 128 387 179 L1v11
404 128 457 179 Lu.
472 127 595 179 XXXVI.
615 126 674 181 Car.
688 132 729 179 27.

159 262 269 323 colloquia
277 261 403 325 principum
414 261 537 325 oppidanos
547 261 646 309 tentabat
656 274 704 315 rex,
716 266 743 307 ut
753 257 833 309 urben

159 327 280 384 dedercm3
295 326 354 373 haud
365 326 449 378 dubius,
467 326 528 386 quin,
542 326 631 388 siprius
642 324 757 377 Heraclea
765 332 831 387 capta

157 390 223 443 foret,
241 391 351 439 Romania
368 407 392 438 se
407 392 483 452 potius
500 405 566 450 quom
582 392 622 437 sibi
636 390 732 437 dedituri
746 397 831 451 essent,

159 470 267 517 euamqrre
282 456 377 518 gratiam
394 456 473 502 consul
490 456 514 501 in
530 456 642 503 obsidione
656 453 770 502 liberandi
784 452 832 502 iac·

159 527 224 566 turus
234 528 300 568 emet
331 515 381 567 Nec
392 536 443 567 eom
452 520 527 581 opinio
538 527 573 566 eat
580 519 698 567 frustrata:
712 518 831 565 confestim

159 585 220 631 enim
234 587 263 631 sb
277 583 390 632 Heraclei
403 582 468 646 capti
483 585 574 631 nuntius
588 585 656 637 venit,
673 592 699 630 ut
714 598 833 645 oppugne-

158 650 221 697 tione
230 651 358 697 absisteret:
374 658 390 679 ‘⁴
398 650 483 710 aequius
494 664 550 702 esse,
563 648 679 695 Romanoa
690 650 780 702 milites.
793 648 831 709 qui

157 715 206 761 acie
221 712 363 760 dimiciasent
380 729 431 759 cum
449 713 540 767 AEtolis,
558 714 650 775 praernia
668 714 770 760 victoriae
789 714 831 761 ha·
859 719 862 725 '

157 777 237 824 bere.”
270 777 308 824 Ita
326 794 438 825 recessum
455 780 483 825 ab
499 776 579 824 Lamii
595 786 644 835 est3
661 786 684 825 et
699 778 832 840 propinqum

159 843 222 889 clade
232 844 299 896 urbis,
311 843 353 905 ipsi
365 859 394 890 ne
404 843 456 903 quid
465 842 536 889 simile
546 850 681 905 paterentur,
694 842 829 904 effugerunt,

190 906 289 953 XXVI.
315 908 402 960 Paucis,
423 908 551 969 priusquam
572 907 683 955 Heracleo
705 908 830 969 caperetur,

158 972 242 1025 diebus,
259 972 339 1025 uitali,
357 973 451 1019 concilio
464 972 580 1034 Hypatam
595 980 681 1025 coacto,
699 973 789 1034 legatos
803 971 832 1019 ad

157 1037 297 1083 Antiochum
308 1038 432 1093 miserunt3
449 1038 508 1083 inter
518 1052 575 1097 quos
586 1044 609 1084 et
619 1036 696 1085 Thoas
706 1037 773 1090 idem,
792 1036 831 1097 qui

158 1108 230 1153 antea,
247 1101 329 1147 missus
339 1109 380 1148 est.
416 1102 526 1148 Mandata
540 1109 610 1153 erant,
629 1110 654 1147 ut
664 1102 692 1148 ab
703 1116 757 1163 rege
767 1108 831 1162 pete-

157 1171 214 1218 rent,
231 1166 336 1226 primum,
354 1175 379 1213 ut
389 1167 444 1228 ipse,
457 1167 540 1213 coactis
551 1180 627 1212 rursus
637 1168 779 1212 terrestribus
791 1180 832 1211 na-

157 1230 287 1291 valibusque
304 1232 380 1293 copiis,
397 1231 421 1277 in
436 1231 549 1279 Graecism
565 1231 687 1293 trajiceret:
707 1230 794 1283 deinde,
813 1230 831 1275 si

157 1308 201 1354 qua
214 1295 287 1356 ipoum
301 1302 388 1343 teneret
405 1312 447 1348 res,
465 1303 491 1341 ut
507 1296 621 1356 pecuniam
639 1303 662 1342 et
679 1296 762 1341 auxilia
777 1294 831 1341 mit-¹
923 1342 924 1349 ,

158 1365 227 1405 terete
248 1359 295 1405 “id
309 1376 360 1406 cum
376 1360 403 1406 ad
418 1360 549 1420 dignitatm
567 1361 615 1422 ejua
631 1360 744 1425 fidemque
761 1360 831 1421 perti-

157 1438 218 1478 nere,
236 1438 282 1470 non
296 1424 359 1486 prodi
371 1424 450 1476 socios,
469 1430 517 1470 turn
532 1424 599 1471 etiarn
614 1424 641 1471 ad
652 1425 831 1472 incolumitatem

157 1490 228 1550 regni,
246 1503 292 1534 non
312 1491 385 1536 sinere
399 1488 522 1542 Romanos,
540 1489 600 1536 omni
612 1488 665 1534 curi
676 1505 767 1545 vacuos,
780 1504 832 1536 cnm

158 1553 289 1599 AEtolorum
311 1561 402 1615 gentem
425 1554 573 1606 sustulissent,
598 1555 700 1600 omnibus
720 1555 790 1615 copiis
809 1555 833 1601 in

157 1617 235 1662 Asiam
251 1617 380 1679 trajicere.”
415 1617 476 1664 Vera
492 1625 562 1672 erant,
580 1633 630 1680 quse
642 1619 784 1666 dicebanturz
804 1634 831 1666 ec

156 1681 229 1742 magis
245 1697 321 1742 regem
336 1689 462 1729 moverunt.
499 1681 577 1744 Itaque
592 1684 615 1728 in
630 1685 750 1745 praesentia
763 1699 833 1746 pecu-

156 1746 224 1798 niam,
241 1761 293 1806 quoe
307 1747 336 1793 ad
351 1761 406 1793 usus
420 1748 471 1794 belli
487 1748 610 1794 necessaria
626 1757 680 1802 erat,
696 1749 778 1811 legati·
793 1749 835 1796 de-

156 1810 189 1856 dit
194 1828 203 1867 ;
215 1811 297 1857 auxilia
306 1812 420 1858 terrestria
429 1813 559 1873 navaliaque
570 1811 689 1860 affirmavit
697 1815 830 1861 missurum.

155 1873 284 1923 Thoantem
299 1891 369 1922 unum
385 1890 414 1922 ex
428 1876 509 1938 legatia
527 1877 623 1931 retinuit,
642 1885 665 1925 et
681 1879 756 1941 ipsum
772 1879 832 1926 haud

155 1939 251 2050 m
266 1948 398 1994 morantem,
415 1948 442 1987 ut
456 1949 547 1988 exactor
558 1957 657 2003 presens
668 1943 830 2004 promissorum

189 2067 299 2114 xxvn.
320 2069 436 2118 comum
452 2070 837 2133 nemorumnemorum
919 2051 920 2106 ἶ

156 2133 243 2180 animos
254 2133 400 2193 AEtolorum;
416 2144 439 2182 et
452 2144 503 2197 port
513 2150 596 2197 paucos
607 2137 653 2183 dies
664 2151 732 2195 quam
743 2137 773 2184 ed
782 2139 830 2185 bel·

155 2197 203 2243 lum
218 2199 370 2246 renovandum
385 2201 560 2260 acciendumque
571 2215 646 2263 regern
657 2201 681 2246 in
692 2201 774 2248 Asiam
785 2203 829 2250 mi-

156 2270 231 2308 cerant
244 2263 338 2324 legatos,
357 2265 446 2326 abjectis
462 2265 514 2310 belli
529 2266 632 2318 consiliis,
650 2265 710 2326 pacis
723 2267 830 2327 petendae

156 2333 256 2372 oratores
267 2327 295 2373 ad
305 2328 420 2374 consulem
431 2329 547 2376 miserunt.
578 2329 642 2383 Quos
654 2330 727 2376 dicere
735 2346 830 2380 exorsos

155 2390 235 2434 coeno
245 2390 368 2443 interfatus,
387 2408 439 2439 cum
449 2393 492 2438 alia
503 2394 543 2439 sibi
553 2394 707 2456 praevertenda
718 2411 769 2442 erse
779 2396 830 2443 dix·

154 2449 215 2524 “⁸⁶33
234 2455 305 2501 redire
323 2454 439 2518 Hypatam
453 2471 500 2509 eos,
518 2457 575 2504 datis
592 2459 677 2505 dierum
695 2457 773 2506 decem
793 2461 829 2506 in-

155 2511 233 2567 d¹1⁰¹¹⁸2
251 2524 274 2563 et
288 2518 318 2564 L.
331 2519 422 2566 Valerio
439 2519 522 2567 Flacco
539 2537 590 2568 cum
607 2524 634 2569 iis
649 2523 726 2578 misto,
739 2524 824 2585 Jucsit:

155 2575 183 2633 tl,
200 2590 252 2634 qua
267 2595 342 2629 mum
361 2584 431 2630 acturi
448 2583 550 2639 fuissent,
568 2601 687 2649 exponere,
704 2589 764 2634 etsi
783 2603 827 2648 qua

153 2637 237 2693 uellent
258 2643 307 2692 ulis.
349 2646 465 2710 Hypatam
487 2655 513 2695 ut
534 2657 569 2698 est
589 2659 689 2707 rentum,
712 2651 826 2716 principer
