1867 2925
159 111 209 160 trs
239 103 270 158 Τ.
282 103 371 160 uv11
387 103 443 162 Ian·
455 102 607 156 xxxvnt
626 101 745 163 01th

159 243 247 301 pertun
256 235 343 284 manilii
353 235 455 284 debuisse
465 243 560 284 mtrem
570 250 635 293 esse3
650 235 730 282 laetum
739 227 829 296 Scipio·

160 317 214 350 ucm
223 310 269 350 tam
278 302 382 350 concordi
386 301 478 364 judicio,
487 301 530 363 ipsi
538 301 671 362 desponnm
678 291 826 361 respondisse

162 365 223 416 tiso
234 367 262 414 de
272 373 336 412 tanto
346 365 401 420 viro,
419 381 553 426 quamquam
564 372 588 412 et
597 364 738 426 opinionibus
745 371 770 412 et
779 377 831 410 mo·

160 431 267 478 sinentis
277 431 390 478 literarum
400 431 518 485 variarent,
530 430 673 492 proponenda
682 436 755 476 erant·
822 468 826 478 ,

193 493 289 542 LV11L
308 493 324 544 J
326 495 402 542 udiciis
417 493 474 548 aQ„
486 494 595 542 Terentio
609 501 703 556 praetore
712 491 828 554 perlectis,

161 558 275 606 Hostilius
283 567 308 606 et
319 559 407 612 Furius,
419 559 525 612 damnati,
533 559 620 620 praedes
631 559 707 605 eodeni
716 557 755 604 die
766 571 831 618 quae·

161 626 258 674 ttcribus
269 625 357 672 urbsnis
368 624 483 672 dederuut.
518 623 601 685 Scipio,
613 639 665 670 cum
675 621 830 675 contenderet.

161 704 259 743 omnem,
276 703 343 750 quem
360 689 489 749 accepisset,
506 687 624 749 pecuniam
637 687 661 734 in
678 687 754 734 erano
768 701 829 739 esse,

161 767 204 800 uec
219 769 243 800 se
257 753 378 814 quidquam
393 752 475 813 publici
489 748 576 804 habere,
594 753 618 798 in
632 751 722 799 mantula
732 750 783 797 duci
793 757 830 796 est

161 825 256 879 ooeptus.
268 861 270 871 ,
293 815 321 864 P.
333 817 409 877 Scipio
423 816 507 862 Nasica
517 817 618 863 tribunos
628 817 761 878 appellavit;
779 830 832 861 ora·

162 881 291 942 tionemque
305 881 380 928 habuit
394 880 481 942 plenem
495 882 555 928 veris
570 882 693 934 decoribus,
711 895 756 926 non
767 895 831 926 com·

150 947 259 1000 ,muniter
269 945 336 992 modo
352 943 465 993 Corneliae
479 947 564 1006 gentis,
581 946 620 992 sed
635 945 725 1008 proprie
739 943 831 1010 familie

160 1026 216 1058 suae.
229 1017 245 1041 “
256 1010 364 1059 Psrentes
375 1024 428 1057 suos
435 1016 459 1056 et
470 1008 498 1056 Ρ.
509 1010 618 1064 Africani,
629 1025 656 1057 sc
667 1009 699 1056 L.
712 1009 829 1070 Scipionis

161 1076 199 1136 qui
210 1077 234 1121 iu
245 1089 356 1122 caroerem
364 1073 488 1125 duceretur.
500 1075 570 1122 lirisse
578 1074 623 1124 Cn.
633 1083 657 1122 et
665 1073 693 1121 P.
705 1075 828 1136 Scipiones,

161 1139 297 1186 clarissimos
315 1139 382 1186 viros.
417 1138 475 1192 Eos,
492 1155 543 1186 cum
561 1156 601 1201 per
617 1141 703 1200 aliquot
719 1153 789 1185 annos
805 1137 831 1184 in
919 1194 920 1197 Ἰ

161 1201 221 1252 terri
238 1198 358 1264 Hispauid‚
377 1201 484 1250 adversius
502 1204 585 1252 multos
602 1204 728 1251 Poencrum
745 1201 832 1264 Hispo·

162 1283 286 1329 nurumque
296 1275 319 1314 et
329 1268 398 1314 duces
409 1275 432 1314 et
444 1269 561 1323 exercitus,
580 1270 677 1319 nominis
687 1268 786 1315 Romani
795 1266 833 1314 fs-

161 1347 222 1382 surm
233 1333 354 1386 maissent,
373 1347 418 1378 non
429 1333 489 1380 bello
498 1335 580 1388 solun,
597 1334 637 1380 sed
647 1334 707 1396 quod
718 1333 833 1380 Romanos

162 1398 316 1460 temperantis}
332 1396 428 1458 fideique
444 1398 557 1460 specimen
575 1397 619 1445 illis
635 1399 740 1462 gentibus
758 1397 832 1445 dedis·

162 1470 220 1517 sent
238 1464 266 1510 sd
277 1470 402 1509 extremum
417 1462 483 1511 aurbu
495 1480 538 1524 pro
552 1462 665 1526 republicis
678 1470 751 1509 morte
765 1476 834 1509 occu·

161 1528 243 1577 buisse-
286 1526 347 1577 Cum
365 1527 454 1575 illorum
474 1529 532 1575 tucri
549 1530 645 1591 gloriam
664 1528 760 1591 posteris
778 1527 835 1573 sati

159 1606 229 1646 essen
254 1591 282 1639 Ρ.
304 1592 436 1639 Africanum
458 1599 547 1639 tantum
568 1600 674 1655 peternss
694 1592 835 1655 superavisse
918 1617 919 1632 2

161 1656 247 1711 inrides,
265 1664 291 1703 ut
300 1656 367 1703 fidem
381 1656 465 1711 iecerit⁴
484 1671 530 1703 nou
547 1659 657 1721 sauguine
669 1658 776 1710 humano,
793 1656 837 1703 sed

159 1722 233 1783 stirpe
248 1718 330 1775 divini,
342 1728 415 1767 satum
427 1738 452 1769 se
465 1737 522 1768 esse·
549 1721 579 1769 L.
597 1722 732 1784 Scipionem,
749 1722 837 1783 dequo

57 1812 63 1823 .
162 1794 251 1847 agatur.
269 1787 313 1849 (ut,
331 1800 381 1847 quae
396 1786 420 1831 in
435 1784 554 1847 Hispanid,
571 1802 624 1848 quae
640 1788 664 1833 in
678 1785 766 1841 Africi,
782 1801 836 1839 curu

164 1852 253 1913 legstus
270 1850 344 1899 sistris
363 1858 430 1905 esset,
453 1852 567 1913 gessisset,
585 1849 758 1915 praetereantur)
779 1866 836 1899 eon·

163 1916 237 1963 sulem
251 1922 274 1961 et
289 1916 316 1963 sb
331 1922 409 1963 renutu
420 1916 514 1977 dignm
529 1917 611 1970 risum,
629 1916 665 1963 cui
676 1923 837 1967 extrasortern

158 1980 221 2027 ,Asia
230 1980 345 2041 provincis
358 1986 382 2027 et
396 1980 543 2028 teloneum
558 1981 674 2029 Antiocho
688 1995 743 2043 rege
757 1980 837 2028 deces-

160 2051 271 2101 ‚neretum
288 2051 312 2093 ct
325 2060 339 2091 a
352 2043 427 2098 iretre,
445 2046 489 2099 eui,
505 2052 557 2108 post
573 2044 629 2093 duos
641 2046 772 2093 consulatus
781 2058 838 2091 oen·

158 2124 283 2169 stiramque
293 2116 316 2155 et
327 2110 472 2170 triumphum,
484 2110 571 2173 legatus
582 2111 606 2156 in
614 2110 694 2157 Asiam
705 2111 756 2156 iret.
789 2108 837 2163 lbi,

160 2187 196 2219 ,ne
214 2173 346 2234 magnitudo
365 2180 388 2219 et
407 2175 513 2234 splendor
530 2174 599 2237 legati
616 2174 718 2223 leudinus
734 2174 837 2221 consulis

159 2237 272 2290 >officeret
289 2236 348 2283 forte
358 2236 390 2283 ita
400 2238 511 2293 incidisse
529 2247 562 2293 ut,
579 2256 624 2301 quo
641 2240 678 2285 die
691 2239 720 2286 sd
733 2239 837 2300 Magne·

157 2300 223 2347 -siam
237 2302 308 2361 signis
322 2302 410 2349 collatis
424 2300 453 2347 L.
468 2304 543 2365 Scipio
554 2303 693 2351 Antiochum
708 2303 837 2358 devicisset,

164 2379 227 2424 teger
246 2364 274 2411 P.
289 2364 363 2425 Scipio
384 2366 457 2413 Elaeae
476 2368 561 2415 dierum
580 2369 664 2429 aliquot
682 2367 720 2415 via
737 2368 835 2415 nbessm.
917 2381 918 2404 1

165 2424 221 2472 Non
235 2427 304 2475 fuisse
321 2430 429 2477 minorem
445 2446 497 2477 eum
512 2434 642 2487 exercitum,
660 2448 727 2493 quam
742 2430 840 2480 Hanni-

159 2488 225 2543 ,balis
243 2507 295 2539 cum
306 2508 351 2553 quo
365 2494 389 2540 in
402 2494 483 2544 sinet
498 2505 558 2543 esset
573 2504 707 2560 pugnatum
742 2496 839 2543 Hauni-

162 2550 234 2625 bslenr
245 2557 348 2605 eumdem
362 2557 431 2605 finisse
441 2559 500 2607 inter
510 2560 593 2609 multos
604 2562 660 2609 elios
670 2562 745 2623 regios
756 2561 837 2616 dut-⁸0¹·

155 2628 201 2687 qur
211 2627 331 2676 tmperstor
342 2621 422 2671 Punici
432 2624 484 2671 beili
493 2624 569 2673 fierit
603 2625 637 2673 Et
647 2626 730 2674 bellurn
740 2624 837 2687 quidem

153 2685 194 2725 Μ
209 2687 301 2739 qutun
315 2700 373 2741 “te
385 2694 416 2739 nt
427 2702 461 2743 ns
476 2688 590 2743 unm
606 2690 698 2753 qudem
714 2690 838 2753 qustum
