1867 2925
196 133 228 181 ·Τ.
242 132 330 183 LIVII
346 134 400 183 Ius.
414 134 528 185 xxxn.
547 136 608 188 cn.
624 140 662 187 18.
731 139 763 189 69

87 262 172 311 mentis
190 280 310 327 parvarum
328 268 461 329 plerumque
478 284 553 316 rerum
569 269 689 332 penderet3
708 284 763 332 pur·

86 337 143 389 gato
160 330 219 383 loco,
236 332 275 392 qui
293 338 368 394 strage
385 334 485 379 semiruti
501 335 558 382 muri
569 336 695 382 cumulatus
706 343 760 388 erat,

88 402 173 441 turrem
185 396 285 457 ingentis
296 398 425 451 altitudinis,
438 414 543 460 magnam
560 400 607 445 vim
625 407 760 446 annatorum

86 460 205 521 multiplici
217 462 316 507 tabulato
326 469 460 523 portantem,
476 465 604 525 promovitz
624 471 646 509 et
659 466 762 511 cohortes

86 524 109 569 in
121 525 195 572 vicem
208 527 251 571 suh
262 527 339 588 signis,
352 542 404 587 quse
416 542 511 574 cuneum
522 528 684 581 Macedonum,
695 530 761 591 (pha-

85 589 177 650 langem
204 590 246 652 ipsi
265 589 359 651 vocant)
380 593 399 637 si
417 600 516 653 possent,
529 594 562 639 si
584 601 760 654 perrumperent,

85 655 210 701 emittebat.
249 655 295 701 Sed
309 656 337 701 ad
353 656 402 703 locu
415 666 517 719 augusta,
535 658 594 704 haud
613 657 658 705 late
672 664 763 719 patente

83 719 206 766 intervallo
228 716 297 765 diuiti
319 722 384 773 murI,
407 737 480 783 genus
499 737 611 769 armorum
633 737 763 785 pugnaeque

84 783 142 829 hosti
159 785 238 845 aptius
254 793 310 831 erat.
346 785 392 831 Ubi
407 786 502 833 conferti
515 788 592 833 hastas
602 788 701 849 ingentis
712 788 762 833 lon-

84 849 195 909 gitudinis
207 865 256 910 prae
269 864 293 895 se
301 849 439 897 Macedones
450 853 589 914 objecissent,
600 852 695 898 velutin
706 866 762 898 con-

85 921 195 961 structam
217 914 327 961 densitate
345 914 474 976 clypeorum
494 916 636 970 testudinem,
653 916 761 970 Romni,

84 978 133 1039 pilis
145 979 300 1039 nequidquam
318 980 411 1033 emissis,
430 996 482 1027 cum
501 982 643 1027 strinxissent
660 981 747 1042 gladios
753 998 763 1038 ;

83 1058 158 1103 neque
170 1044 283 1105 congredi
299 1045 397 1106 propius,
411 1060 485 1105 neque
499 1046 620 1109 praecidere
636 1046 711 1091 hastas
721 1060 763 1107 po-

82 1116 173 1154 terant:
200 1116 232 1161 et,
256 1110 275 1154 si
294 1124 348 1169 quas
369 1110 505 1164 incidissent,
528 1119 567 1157 aut
587 1110 762 1173 praesregissent,

83 1172 173 1219 hastilia
180 1172 313 1233 fragmento
324 1175 372 1235 ipso
380 1182 453 1228 acuto,
465 1177 525 1221 inter
533 1176 616 1237 spicula
624 1177 763 1237 integrarum

83 1238 212 1290 tustanum,
225 1238 288 1283 velut
298 1239 381 1285 uallum
391 1240 517 1301 explebant.
552 1240 590 1286 Ad
605 1241 648 1286 hoo
664 1248 687 1286 et
702 1240 763 1286 muri

79 1317 134 1362 pars
160 1303 239 1349 adhuc
259 1303 348 1364 integre
365 1312 458 1364 utraque
475 1312 524 1352 tuta
539 1306 659 1365 praestabat
674 1305 762 1361 latera3

82 1380 124 1413 uec
135 1380 166 1413 ex
181 1368 259 1427 longo
273 1368 343 1429 matio
358 1376 397 1414 aut
414 1369 544 1421 cedendum,
560 1376 600 1415 aut
615 1369 711 1429 impetus
728 1367 763 1413 fs-

84 1432 182 1478 ciendus
198 1438 265 1484 erut;
285 1446 335 1491 quae
351 1446 387 1478 res
404 1433 493 1480 turbare
508 1432 597 1480 ordines
614 1433 678 1480 solet.
713 1432 763 1479 Ac-

80 1499 154 1551 cessit
165 1497 236 1542 etiam
247 1495 340 1542 fortuita
350 1511 386 1543 res
398 1497 425 1542 ad
438 1499 525 1544 animos
535 1513 614 1544 eorum
626 1497 759 1544 tinnandos:

83 1577 137 1608 uam
151 1576 206 1607 curn
219 1561 286 1607 turris
297 1576 336 1622 per
347 1577 453 1624 aggerem
469 1578 547 1624 parum
558 1563 644 1609 densati
654 1563 697 1609 soli
708 1578 763 1624 age-

83 1635 157 1679 retur,
170 1633 223 1671 rota
233 1641 278 1671 una
289 1626 311 1670 in
322 1626 423 1672 altiorem
437 1627 530 1673 orbitarn
546 1628 650 1689 depressa
665 1629 696 1674 ita
713 1635 762 1674 tur-

82 1692 126 1738 rim
138 1691 265 1743 inclinavit,
278 1698 304 1737 ut
315 1692 409 1753 speciem
421 1693 506 1738 ruentis
516 1693 623 1745 hostibus,
633 1693 762 1755 trepidatio-

79 1771 186 1815 ·nemque
197 1755 299 1801 insanam
311 1757 485 1817 superstantibus
496 1758 585 1804 annatis
595 1758 721 1819 praebuerit.

19 1829 20 1836 ¹
117 1818 223 1866 XVIII.
244 1818 305 1868 Cum
315 1836 394 1882 parum
405 1821 525 1881 quidquam
534 1823 668 1874 succederet,
680 1821 762 1867 consul

82 1885 182 1932 minime
193 1899 259 1945 aequo
271 1885 346 1931 animo
359 1887 546 1946 comparationem
560 1887 656 1932 militum
672 1886 762 1948 generis

83 1965 247 2010 armorumque
257 1949 305 1995 fieri
315 1950 452 2011 patiebatur:
473 1951 539 1996 simul
549 1966 591 1997 nec
602 1958 711 1999 maturam
722 1963 763 1997 ex-

80 2014 203 2077 pugnandi
221 2029 291 2075 spem,
306 2030 350 2060 nec
366 2016 475 2062 rationem
493 2015 571 2077 procul
590 2017 676 2062 amari
695 2023 719 2062 et
737 2015 762 2061 in

83 2079 194 2126 evastatis
205 2079 257 2124 belli
272 2079 369 2126 cladibus
383 2080 439 2125 locis
453 2080 582 2127 hibernandi
599 2081 666 2126 ullam
683 2095 763 2127 cerne·

85 2145 131 2191 het
169 2143 251 2204 Itaque
270 2142 346 2190 relicti
364 2144 485 2198 obsidione,
504 2145 650 2205 quianullus
668 2148 691 2191 in
711 2143 761 2190 totd

87 2209 226 2255 Acarnaniae
237 2215 304 2269 atque
315 2209 408 2255 AEtoliae
419 2209 458 2255 ord
475 2218 553 2271 portus
567 2218 621 2263 erat,
640 2211 678 2270 qui
693 2208 762 2254 simul

86 2283 110 2320 et
122 2287 202 2320 omnes
214 2275 333 2326 onerarIas,
352 2289 402 2333 quae
419 2281 569 2320 commeatum
586 2274 693 2319 exercitui
707 2287 761 2333 por-

86 2340 171 2391 tabant,
185 2344 281 2399 caperet,
301 2345 324 2384 et
340 2345 399 2384 tecta
416 2339 443 2384 sd
458 2339 617 2386 hbemandum
634 2338 761 2398 legionibus

87 2405 207 2465 praeberet,
220 2403 331 2464 Anticyra
345 2404 367 2448 in
384 2402 490 2457 Phocide,
506 2405 529 2449 in
542 2402 685 2450 Corinthium
696 2415 762 2448 versa

88 2469 172 2520 sinum,
188 2467 217 2514 ad
231 2468 254 2513 id
267 2469 451 2529 opportunissime
460 2470 503 2514 sita
513 2469 574 2513 visa:
594 2467 646 2525 quia
656 2479 698 2510 nec
708 2481 762 2526 pro-

88 2534 125 2578 cul
135 2529 255 2578 Thessalit
262 2532 403 2592 hostiumque
413 2533 468 2578 locis
479 2533 583 2585 abibant3
599 2535 622 2573 et
632 2543 661 2572 ex
669 2529 763 2574 adverso

90 2596 274 2659 Peloponnesum
285 2597 368 2658 exiguo
380 2597 448 2643 maris
459 2597 532 2656 spatio
543 2592 644 2642 divisam,
658 2591 685 2636 ab
697 2600 763 2650 tergo

89 2662 201 2710 AEtoliam
217 2661 419 2723 Acarnaniamque,
436 2661 464 2712 ab
478 2658 585 2705 lateribus
602 2653 721 2700 Locridem
738 2667 765 2697 ac
