1867 2925
196 116 228 164 Τ.
241 115 329 166 len
344 115 397 166 Lo.
410 111 521 170 mv.
539 118 656 170 ειυς.
713 123 761 170 aar

90 254 206 294 necatores
220 263 249 294 eo
262 263 323 296 anno
335 249 407 296 multa
419 265 499 296 nevere
509 247 637 304 mot'facta,
654 265 765 299 acernaa-

91 313 150 358 tibus
166 313 266 376 privatot
282 313 383 360 aedilibut
398 313 519 369 curulibus,
536 315 573 362 Μ.
586 315 673 364 Tuccio
690 324 714 363 et
730 312 760 362 P.

78 375 161 424 'Junio
176 375 257 444 Bruto.
293 376 333 424 De
347 377 418 425 multi
432 379 588 426 damnatorum
602 381 717 445 quadrigae
727 381 772 432 tna

91 448 176 490 auratae
189 442 213 488 in
229 440 342 504 Capitolio
356 443 436 504 poaitae
450 444 475 489 in
488 443 544 491 celli
557 445 625 493 Jovia
638 461 705 507 cupra
717 445 765 492 iaa-

92 506 172 568 tigium
192 507 299 561 aedictdae,
324 514 348 554 et
366 507 481 554 duodecim
502 509 581 571 clypea
601 510 715 556 inaurata:
741 517 766 558 et

90 570 157 618 iidem
168 573 280 634 porticum
291 579 356 618 extra
365 579 452 634 portam
463 571 618 636 Trigeminam
629 573 693 621 Inter
704 571 764 637 Lig-

91 635 165 682 narioa
175 636 286 684 iecerunt·

123 699 209 748 XLII.
229 699 327 748 Intentio
341 701 364 746 in
379 710 507 765 apparatum
517 703 572 751 novi
581 704 633 751 belii
643 703 763 758 Romania,

90 781 120 812 ne
135 767 163 813 ab
178 765 294 813 Antiocho
307 765 396 826 quidem
411 769 543 815 oeemhatnr.
577 767 637 816 Trea
647 785 698 816 erum
709 770 767 816 civi·

91 839 150 878 tales
171 832 286 885 tenebant,
311 831 413 892 Smyrna,
438 841 460 880 et
482 833 619 880 Alexandria
637 833 717 888 Troas,
741 841 766 880 et

94 895 234 958 Lampsacus
241 913 249 954 ;
266 911 320 957 quan
335 910 406 958 neque
420 899 443 944 vi
457 912 587 959 expugnare
600 899 629 945 ad
643 915 692 946 eam
705 899 764 944 dia·

93 969 189 1023 poterat,
207 976 281 1022 neque
295 961 456 1008 conditionibus
472 963 495 1008 in
511 963 631 1009 amicitiam
646 963 764 1024 peilioere5
782 990 784 995 ·

93 1041 167 1086 neque
178 1041 193 1073 a
203 1033 268 1088 tergo
279 1026 410 1086 relinquere,
427 1026 539 1090 trajiciena
548 1028 596 1088 ipae
605 1027 629 1073 in
640 1027 765 1089 Europam,

93 1091 191 1138 volebat
226 1089 311 1138 Tenuit
326 1106 378 1137 eum
397 1091 465 1138 etde
483 1091 611 1139 Haamitale
627 1093 763 1140 deliberatio·

92 1153 128 1203 Et
144 1156 219 1218 primo
236 1170 304 1202 navee
322 1162 411 1218 aperta,
429 1171 485 1216 quaa
503 1171 555 1203 cnm
572 1173 602 1204 eo
617 1159 726 1204 minanruo
741 1158 766 1203 in

94 1219 204 1269 Africam
216 1219 297 1276 fuerat,
315 1227 408 1266 moratae
428 1229 496 1267 runtc
520 1221 607 1275 deinde,
625 1237 654 1267 an
673 1222 766 1269 omnino

93 1285 216 1332 mittendus
237 1292 304 1339 esset,
328 1285 460 1332 consultatio
481 1292 543 1332 mota
563 1293 606 1338 eat,
630 1286 728 1332 maxime
752 1301 768 1333 a

93 1349 202 1398 Thoante
219 1349 307 1404 AEtolo,
326 1351 373 1410 qui,
395 1351 499 1397 omnibu·
516 1351 540 1396 in
558 1348 651 1396 Graecini
668 1349 767 1396 tumultu

93 1416 221 1481 completio,
238 1414 406 1463 Demetriadem
421 1414 525 1463 afferebat
539 1415 563 1460 in
576 1420 687 1477 potestate
699 1428 765 1459 eane:

93 1488 125 1536 el,
141 1482 225 1543 quibua
242 1480 363 1528 mendaciis
380 1480 408 1527 de
426 1496 487 1543 rege,
508 1479 676 1541 multiplicando
694 1478 768 1527 verbio

92 1546 171 1609 copiae
190 1549 246 1609 eJno,
262 1552 365 1593 nexerat
382 1546 504 1593 multorum
520 1546 544 1591 in
563 1542 654 1592 Graecii
671 1544 767 1597 animoa,

94 1612 174 1659 iisdem
190 1618 213 1658 et
229 1611 288 1673 regis
301 1626 365 1672 spem
380 1610 483 1657 inflabat:
504 1617 520 1640 “
531 1611 631 1657 omnium
644 1610 767 1659 vomenta

94 1678 191 1727 arcessi:
210 1691 344 1724 concursum
355 1674 462 1721 ad'litora
474 1674 583 1729 nomm,
600 1673 659 1723 unde
673 1676 768 1721 elnonem

95 1740 182 1805 regiam
199 1738 392 1803 prospexissent”
426 1738 475 1785 Hic
491 1739 549 1786 idem
568 1755 635 1786 anana
653 1740 682 1785 de
698 1739 769 1785 Han.
801 1796 804 1800 ¹

95 1808 169 1854 nibale
180 1814 216 1853 est
222 1820 314 1852 movere
323 1804 454 1851 sententiam
465 1806 588 1867 propejam
596 1811 680 1851 certam
691 1803 766 1865 regia:

95 1888 150 1919 nam
168 1880 185 1901 ‘⁶
198 1886 270 1931 neque
287 1870 439 1916 dimittendam
458 1876 543 1930 partem
558 1869 650 1915 navium
668 1883 682 1914 a
696 1868 770 1915 clarae
852 1869 855 1873 “

96 1934 177 1999 regii”
190 1937 306 1983 censebat:
327 1941 343 1963 “
354 1948 433 1995 neque,
451 1934 471 1979 ai
481 1933 596 1980 mittendae
607 1948 676 1980 naves
685 1932 767 1987 forent,

95 2002 173 2049 minus
189 2000 313 2063 quempiam
329 2000 349 2045 ei
364 1998 435 2051 classi,
453 2013 520 2058 quam
536 1997 693 2053 Hannibalem,
710 2013 769 2061 prm-

96 2066 225 2113 iiciendum.
260 2064 371 2113 Exaulem
381 2064 444 2109 illum
454 2070 479 2109 et
487 2061 586 2110 Poenum
596 2078 652 2118 eoae,
665 2064 701 2110 cni
709 2062 771 2109 mille

97 2132 122 2177 in
139 2130 188 2179 dieo
202 2145 261 2177 nova
275 2128 366 2177 consilia
381 2128 418 2175 vel
434 2127 526 2174 fortuna
540 2143 585 2180 cua,
603 2129 640 2175 vel
653 2128 769 2190 ingenium

98 2196 171 2259 pontit
181 2195 260 2244 facere.
296 2192 329 2240 Et
339 2194 409 2255 ipsam
417 2208 469 2239 eam
479 2192 574 2254 gloriam
583 2192 642 2246 beili,
652 2190 698 2254 qui
708 2191 771 2237 velut

98 2261 153 2308 dote
167 2258 283 2307 Hannibal
297 2258 433 2311 concilietur,
450 2256 541 2303 nimiam
551 2258 575 2302 in
585 2257 692 2318 praet‘octo
706 2253 771 2315 regio

98 2340 156 2373 eoae.
191 2324 282 2386 Regem
297 2322 401 2397 conspici,
418 2337 496 2397 regem
509 2334 581 2367 onum
595 2321 681 2395 ducem,
699 2332 770 2391 unum

97 2386 494 2505 ffliffld‘ffiffimi
504 2385 605 2498 {litt
618 2388 771 2504 infinit

99 2520 182 2568 ducem
198 2518 341 2565 emittantur:
360 2514 380 2560 ai
397 2513 451 2575 quid
467 2525 574 2575 prospere
591 2508 686 2560 eveniat,
704 2506 773 2552 Han-

98 2584 180 2635 nibalia
198 2596 257 2637 eam,
275 2594 321 2627 non
338 2578 453 2633 Antioclu,
471 2574 567 2639 gloriam
583 2570 640 2617 lore.
672 2571 700 2619 si
718 2585 774 2618 ueto
