1867 2925
192 160 223 211 Τ.
237 159 323 209 len
339 159 392 208 Lm
406 158 545 209 XXXVII.
565 158 625 209 Gar.
639 166 666 215 ss
717 165 765 217 ΞΜ

100 294 241 356 imperatum,
261 292 279 339 si
297 291 328 338 ita
347 292 433 337 consuli
448 290 567 345 videretur,
584 297 609 338 ut
624 290 724 354 legiones
742 294 767 339 in

20 379 23 388 ·
101 358 212 406 AEtnlinm
222 358 324 419 trajectas
331 356 413 402 Manio
423 354 497 401 Acilio
508 356 609 409 truderet,
622 357 641 402 ei
651 358 671 402 is
678 372 769 405 manere

100 424 132 469 ibi
147 422 228 467 vellet:
248 422 267 467 si
285 420 373 467 Acilius
392 420 463 465 redire
481 420 579 466 Romam
595 420 677 476 mallet,
695 429 721 469 ut
733 422 765 471 A.

103 484 224 535 Cornelius
235 500 286 531 cum
296 501 324 530 eo
335 484 469 530 exercituin
480 482 566 531 AEtolib
576 494 706 533 remaneret.
737 486 767 537 C.

104 550 209 597 Atinium
225 548 355 595 Labeonem
371 548 505 609 provinciam
524 549 620 597 Siciliam
636 550 770 597 exercituru-

105 630 152 675 que
161 628 175 660 a
185 614 222 659 Μ.
233 614 327 658 AEmilio
338 613 436 674 accipere
448 614 537 674 placuit,
553 622 575 660 et
589 615 612 659 in
629 615 770 675 supplemen-

104 686 154 725 tum
166 678 261 724 scribere
271 692 300 722 ex
310 675 358 738 ipsi
367 676 487 737 provinciis,
500 679 519 725 si
527 678 600 731 vellet,
614 679 713 739 pediturn
726 679 770 727 duo
837 680 840 691 “

105 743 183 794 millia,
195 749 317 788 etcenttsm
325 742 416 802 equites.
451 741 479 788 P.
491 741 572 801 Junius
583 742 668 790 Brutus
676 744 699 789 in
710 743 772 791 Tur-

105 822 151 854 cos
148 807 279 853 exercitum
293 821 385 859 novum,
402 806 514 868 legionem
526 820 592 853 unum
601 807 735 862 Romanam,
748 815 771 857 et

106 871 185 917 m
195 871 265 916 millia
280 871 364 917 socium
384 886 409 916 nc
425 870 501 917 Latini
518 872 614 919 nominis
629 874 729 925 scribere,
748 881 771 919 et

106 936 282 1011 quadringentos
300 936 400 1010 aquitan
422 934 451 980 L.
471 935 584 989 AEmilius‚
605 936 640 982 cui
657 938 777 999 provincia

106 1000 219 1046 maritima
233 1006 287 1053 erat,
302 999 382 1060 viginti
392 1014 461 1046 naves
471 1000 556 1061 longas,
566 1007 589 1046 et
600 1000 672 1047 socios
683 1001 772 1047 navales

106 1078 122 1110 n
131 1064 169 1111 M.
181 1062 251 1111 Junio
260 1071 356 1125 praetore
366 1064 484 1125 superioris
491 1065 542 1111 anni
553 1066 739 1129 acciperejusaus,
751 1072 774 1111 et

97 1129 220 1175 -κήδετοΙ
214 1143 262 1189 ipse
271 1128 332 1174 mrllc
338 1129 427 1175 navales
438 1128 517 1182 socios,
530 1128 573 1175 duo
581 1130 649 1177 millia
659 1130 771 1192 peditum·
762 1164 772 1187 ,

103 1207 160 1240 cum
176 1192 205 1238 iis
220 1193 312 1238 naribus
328 1192 476 1253 militibusque
491 1192 514 1239 in
526 1193 603 1239 Asiam
618 1194 734 1255 proficisci,
750 1200 773 1245 et

106 1257 204 1306 chssem
219 1271 234 1301 s
249 1256 278 1304 C.
294 1255 360 1303 Livio
373 1258 477 1319 accipere.
512 1256 577 1303 Duas
588 1256 709 1318 Hispanias
721 1259 773 1307 Sar-

109 1322 238 1382 diniamque
248 1322 395 1367 obtinentrbus
408 1328 552 1383 prorogatum
567 1321 590 1365 in
604 1335 687 1365 annum
701 1322 772 1380 impe?

106 1386 169 1432 rium
180 1394 222 1439 est,
237 1392 261 1431 et
275 1386 341 1433 iidem
356 1387 466 1433 exercitus
482 1386 571 1431 decreti.
607 1384 687 1431 Siciliae
699 1384 773 1437 Sardi·

108 1451 201 1511 niaeque
216 1449 274 1496 binoe
290 1466 317 1498 eo
334 1465 392 1498 auno
409 1450 509 1497 (lecumae
524 1448 629 1496 frumenti
644 1448 770 1510 imperatae:

109 1515 213 1562 Siculam
222 1530 290 1561 omne
302 1514 440 1561 frumentum
450 1516 475 1560 in
487 1514 594 1560 AEtoliam
610 1512 638 1559 cd
651 1513 773 1560 exercitum

109 1579 195 1642 portari
210 1581 313 1642 jussum3
330 1594 359 1626 ex
375 1577 475 1626 Sardiniri
495 1593 545 1641 pars
562 1577 667 1631 Romam,
684 1593 734 1642 pars
750 1579 774 1625 in

111 1643 230 1696 AEtolinrn,
242 1643 374 1704 eodemque
386 1644 492 1690 Siculum.

144 1706 200 1756 ΙΙΙ..
214 1706 346 1767 Priusquam
356 1709 459 1754 consules
474 1709 497 1753 iu
511 1709 634 1770 provincias
648 1707 774 1770 proficisce-

109 1780 197 1825 rentur,
208 1772 310 1834 prodigis
318 1787 359 1834 per
368 1772 482 1833 pontifices
493 1775 604 1834 procurari
611 1774 700 1835 placuit.
724 1773 774 1818 Ro·

112 1853 159 1884 mae
168 1836 267 1884 Junonis
277 1835 372 1882 Lucinae
382 1837 489 1896 templum
505 1838 532 1883 de
546 1838 604 1884 coelo
621 1843 704 1882 tactum
719 1844 774 1890 erat,

110 1904 144 1948 ita
160 1907 187 1947 ut
202 1899 316 1962 fastigium
332 1901 447 1960 valvaeqne
460 1901 641 1947 deformarentur.
676 1900 777 1948 Puteolis

111 1965 213 2042 pluribus
219 1964 275 2010 locis
284 1980 361 2011 murus
372 1973 395 2011 et
404 1973 469 2026 porta
477 1965 586 2011 fulmine
581 1972 630 2018 retu,
645 1971 668 2012 et
679 1965 723 2011 duo
734 1967 775 2012 bo-

113 2031 187 2077 mines
197 2029 322 2076 exanimati.
349 2029 441 2076 Nursiae
449 2043 528 2076 sereno
536 2031 589 2076 satis
597 2031 739 2077 constabat
718 2045 776 2076 ntus-

112 2096 168 2142 bum
180 2100 268 2150 ortum;
284 2093 314 2139 sbi
324 2109 412 2154 quoque
422 2094 478 2140 duos
492 2095 571 2140 liberos
585 2095 685 2142 homines
701 2092 778 2142 exani-

113 2166 196 2206 matos
230 2156 302 2204 Terra
312 2159 370 2220 apud
379 2173 404 2204 se
417 2159 499 2219 pluisse
509 2157 629 2206 Tusculani
640 2159 776 2212 nuntiabunt,

114 2230 140 2270 et
150 2222 241 2270 Reatini
251 2223 334 2269 mulum
344 2223 368 2267 in
379 2237 434 2284 agro
444 2238 485 2269 suo
499 2225 616 2284 peperisse.
652 2223 688 2270 Ea
697 2235 778 2282 procu-

114 2294 179 2344 ήδη
191 2286 323 2347 Lntinaeque
329 2288 464 2341 irrstnnrntae,
474 2288 534 2348 quod
542 2287 689 2335 Laurentibus
698 2285 777 2337 carnis,

114 2367 170 2412 quae
178 2351 224 2397 (lari
234 2351 305 2404 (lebet,
317 2352 367 2398 data
377 2365 423 2396 non
432 2351 511 2399 fuerat.
547 2350 681 2413 Supplicstio
691 2363 780 2409 quoqne

107 2431 195 2469 earum
209 2415 340 2477 religinm
356 2431 422 2462 causa
410 2415 480 2470 fuit,
494 2413 542 2478 [qr
520 2416 582 2463 uibus
593 2415 646 2461 Diis
660 2413 778 2460 decemviri

116 2493 149 2527 ex
158 2480 220 2527 libris
227 2487 252 2526 ut
259 2479 328 2533 fieret
338 2480 473 2544 ediderunt]
499 2480 600 2526 Decem'
594 2478 692 2540 ingenui,
702 2477 778 2529 decem

114 2543 225 2655 l'tlt‘:
236 2540 779 2670 linatt‘zffttlltlttlltlllltl

112 2670 227 2736 iecerunt.
262 2671 291 2720 P.
305 2671 423 2741 Cornelius
431 2673 506 2734 Scipio
517 2655 643 2726 Amerinus,
654 2682 781 2732 priusquam
