1867 2925
171 128 218 174 156
263 124 297 172 ·T.
310 123 398 173 LIVII
415 122 470 175 Lus.
483 119 608 173 XXXIV.
627 122 689 175 Car.
704 116 742 176 i'l.

169 254 745 317 oppressidonumcomuiiabarharirreducebaotur.
766 250 839 299 Fame

168 319 248 367 deinde
258 322 370 383 vulgetur,
380 322 494 368 consulem
506 323 529 367 in
540 320 698 367 Turdetaniam
713 318 838 365 exercitum

101 412 107 422 ·
168 384 299 441 ducturum3
311 386 451 433 etaddevios
458 394 577 433 montanos
585 380 759 447 [proiecturum]
768 382 838 429 etiam

168 447 226 495 falso
241 451 349 512 perlatum
360 459 401 497 est.
437 452 476 497 sd
488 452 549 497 bunc
559 465 641 497 vanum
652 456 675 495 et
686 449 733 495 sine
744 453 838 493 auctore

169 515 216 561 ullo
224 530 342 569 mmorem,
351 515 535 577 Bergistanorum
544 516 639 563 civitatis
650 521 734 575 septem
745 512 839 559 castelle

170 580 304 626 defecerunt.
334 580 391 633 Eos,
403 580 498 627 deducto
513 580 618 633 exercitu,
634 578 712 635 consul
729 578 776 624 sine
787 591 838 623 me-

169 644 277 691 morando
285 645 363 706 proelio
371 645 394 690 in
402 653 535 707 potestatem
544 645 637 707 redegit.
662 640 732 691 Haud
740 643 771 687 ita
777 640 839 688 mul-

169 717 195 755 to
205 718 257 771 post
272 710 345 762 iidem,
364 726 466 772 regresso
482 709 632 757 Tarraconem
648 708 747 761 consule,
764 707 840 767 prius·

169 790 236 834 quam
246 775 298 820 inde
309 790 419 836 quoquam
430 775 565 837 procederet,
580 773 713 819 deiecerunt.
750 769 839 817 Iterum

170 840 269 885 subacti:
289 840 329 885 sed
339 854 384 885 non
396 840 473 885 eadem
484 840 549 885 venis
559 840 623 885 victis
631 838 686 884 luit:
705 838 745 883 sub
753 833 839 882 comni

168 900 259 950 veniere
269 919 353 956 omnes,
366 919 396 950 ne
405 904 487 964 saepius
497 918 574 965 pacem
586 903 734 949 sollicitarent

202 965 288 1014 xvll.
308 966 401 1014 Interim
416 967 444 1014 P.
458 968 559 1015 Manlius
575 975 665 1029 praetor,
681 966 779 1012 exercitu
796 979 838 1027 vc*

169 1040 218 1079 tere
228 1049 242 1080 a
253 1032 284 1085 Q.
295 1032 405 1084 Minucio,
418 1033 454 1079 cui
461 1030 608 1084 successerat,
621 1039 718 1093 accepto,
730 1030 838 1093 adjuncto
921 1042 923 1045 ·

169 1104 193 1143 et
204 1098 248 1157 Ap
264 1096 350 1144 Claudii
362 1096 462 1143 Neronis
474 1112 503 1143 ex
518 1097 621 1157 ulteriore
633 1093 744 1157 Hispaniis
759 1101 838 1159 uetere

168 1160 223 1206 item
231 1162 337 1214 exercitu,
346 1162 369 1206 in
377 1160 695 1223 Turdetaniamproflciscitur.
726 1158 836 1207 Omnium

170 1224 325 1288 Hispanorum
343 1227 440 1272 maxime
458 1226 557 1273 imbelles
572 1226 680 1271 habentur
695 1222 835 1273 Turdetani=

167 1288 221 1338 tren
240 1298 314 1337 tamen
333 1290 474 1337 multitudine
488 1290 533 1336 'sui
553 1290 639 1337 obviam
658 1290 731 1335 ierunt
750 1288 838 1351 agmini

171 1354 283 1403 Romano.
318 1355 396 1416 Eques
406 1354 518 1401 immissus¹
530 1354 626 1401 turbavit
641 1353 752 1415 extemplo
763 1354 835 1399 aciem
926 1356 929 1361 '

170 1436 262 1498 eqrum:
273 1421 382 1497 'pedestre
400 1421 504 1497 proelium
516 1420 603 1497 ⁸nuliius
621 1418 838 1495 fennelcertaminis

170 1614 274 1659 bellatum
286 1623 334 1660 eat:
352 1615 428 1662 decem
439 1615 508 1662 millia
519 1612 655 1662 Celtiberum
664 1613 766 1660 mercede
774 1611 837 1660 Tur-
931 1629 932 1634 ¹

170 1677 216 1723 duli
237 1679 371 1732 conducunt,
394 1680 513 1741 alienisque
532 1681 598 1727 armis
616 1679 722 1740 parabant
741 1677 834 1725 beilum.
916 1708 919 1714 ·

171 1739 259 1790 Consul
265 1743 360 1794 interim,
373 1745 490 1791 rebellione
498 1744 681 1806 Bergistanorum
690 1743 755 1797 ictus,
767 1751 837 1790 caete-

169 1822 206 1855 ras
214 1824 301 1870 quoque
311 1808 412 1855 civitates
422 1801 484 1856 ratus
493 1825 533 1872 per
544 1810 682 1874 occasionem
693 1807 752 1854 idem
762 1807 837 1856 factu-

170 1888 213 1926 ras,
236 1889 297 1919 arma
318 1873 419 1920 omnibus
440 1875 473 1920 cis
495 1873 584 1922 Iberum
604 1873 713 1936 Hispanis
734 1873 833 1920 edenn'tr

170 1953 237 1997 quom
255 1955 301 1984 rem
316 1939 371 1984 adeo
382 1955 443 2001 aegre
452 1940 519 2000 passi,
531 1947 556 1986 ut
566 1939 630 1986 multi
641 1945 735 1986 mortem
747 1938 837 1985 sibimet

169 2001 212 2062 ipsi
226 2004 404 2060 consciscerent;
421 2004 486 2050 ferox
502 2019 581 2067 genus,
602 2003 685 2050 nullam
704 2004 773 2049 vitam
793 2001 835 2050 rati

170 2067 219 2112 sine
228 2068 295 2113 armis
311 2084 367 2115 esse.
403 2068 472 2123 Quod
483 2070 519 2116 ubi
529 2069 615 2116 consuli
626 2069 776 2116 renuntiatum
790 2075 834 2122 est,

169 2139 284 2178 senatores
294 2133 393 2179 omnium
408 2134 530 2180 civitatium
543 2134 571 2182 ad
586 2149 611 2180 se
624 2134 698 2180 vocari
708 2133 784 2195 jussit,
798 2139 835 2180 at·

168 2212 215 2256 que
222 2194 256 2249 iis,
270 2203 286 2225 “
294 2197 349 2244 Non
358 2197 459 2252 nostra,”
471 2199 549 2260 inquit,
563 2205 578 2228 ⁴⁶
587 2198 665 2260 magis,
675 2213 741 2260 quam
749 2201 832 2252 vestre,

172 2260 245 2315 refert,
257 2278 299 2308 vos
309 2277 355 2308 non
366 2263 483 2310 rebellaret
504 2263 611 2325 siquidem
621 2264 644 2310 id
654 2264 737 2325 maJore
749 2259 836 2322 Hispa-
883 2259 886 2264 '

170 2340 250 2372 norum
261 2327 328 2381 malo,
345 2344 411 2389 quam
421 2329 532 2376 exercitus
546 2328 644 2375 Romani
654 2328 741 2394 labore*
748 2326 837 2388 semper

168 2391 241 2438 adhuc
257 2392 341 2440 factum
360 2401 402 2438 eat.
438 2391 465 2439 Id
476 2401 501 2439 ut
512 2409 540 2440 ne
550 2392 595 2447 ilat,
608 2407 653 2439 uno
664 2391 731 2440 modo
741 2391 837 2438 arbitror

170 2457 243 2503 caveri
257 2473 329 2518 posse,
348 2458 367 2504 si
383 2456 486 2504 effectum
504 2460 552 2513 erit,
572 2473 601 2504 ne
615 2457 705 2520 possitis
721 2455 834 2504 rebellare.

169 2517 231 2567 volo
248 2522 271 2569 id
287 2538 354 2584 quam
368 2521 498 2570 mollissimi
507 2521 545 2572 rii
554 2523 674 2584 consequi:
693 2537 736 2569 ros
745 2535 837 2582 quoque

170 2583 194 2628 in
208 2581 235 2630 ei
250 2602 275 2632 re
289 2586 382 2635 consilio
396 2603 434 2652 me
450 2588 566 2652 educate:
586 2588 671 2636 nullum
685 2585 789 2634 libentius
800 2600 838 2632 se-

172 2662 234 2710 quar,
246 2665 312 2713 qiam
323 2653 384 2714 quod
393 2661 482 2703 vosmet
497 2654 539 2718 ipsi
555 2650 698 2704 attuleritia.”
730 2649 839 2699 Tacenti-
