1867 2925
137 119 186 168 114
231 122 261 170 Τ.
275 117 365 172 mvn
380 122 434 173 Ias.
448 120 575 177 xxxm.
595 119 655 173 Ου’.
669 122 716 173 22*

135 250 218 304 lemrei,
236 246 316 314 quibus
330 254 413 301 bellum
427 256 455 301 ab
465 254 580 301 Antiocho
593 252 734 301 imminebat:
752 256 818 305 nassa

137 314 193 362 aiios
202 318 290 366 auxiliis
295 320 411 381 juverunt,
422 319 477 365 alias
485 319 622 379 providendo
631 334 657 365 ac
665 334 818 380 praemonem·

138 379 168 426 do
182 391 276 429 consors
290 384 375 430 bostis:
394 398 505 443 causaque
519 383 624 429 libertatis
641 382 732 429 fuerunt
743 382 811 431 Cara-

82 459 88 465 ·
136 444 310 508 misMyndiis,
326 447 567 500 Halicarnassensibus,
584 448 713 508 Samiisque.
749 448 819 495 Nom

139 521 257 571 operaest
266 514 375 574 persequi,
387 520 413 558 ut
423 528 519 573 quasque
535 519 585 558 aeta
598 513 622 557 in
637 513 671 558 bis
684 512 740 559 locis
751 513 807 566 sint,

138 588 191 621 eum
213 578 242 623 ad
259 593 292 632 ca,
313 593 364 638 quae
384 578 474 639 proprie
492 577 590 623 Romani
609 578 660 623 belli
681 584 749 631 suut·
765 578 819 627 vix'.

140 640 258 688 sufficiam.
456 680 465 699 ,
817 662 820 666 ·

173 704 246 751 XXI.
265 706 354 753 Eodem
368 714 469 769 tempore
479 712 503 753 et
511 706 602 753 Attalus
612 720 658 760 rex,
671 722 732 769 roger
743 705 811 755 Tbe-
928 704 931 711 ’

137 768 173 815 bis
186 768 324 832 Pergamum
342 773 455 825 advectus,
476 772 570 817 moritur
587 772 657 818 altero
675 780 699 817 et
717 779 811 833 septua-
847 823 849 829 ,
892 766 895 774 ’
919 764 931 797 7

139 834 228 895 gesimo
245 850 320 891 anno;
343 852 394 882 cum
414 844 509 897 quatuor
527 844 551 882 et
569 836 713 897 quadraginta
734 851 811 883 annos

139 896 263 959 regnisset.
299 900 362 947 Huic
371 902 428 954 viro,
439 908 522 963 praeter
532 901 626 954 divitias,
639 901 693 947 nihil
703 901 730 946 ad
743 916 809 961 spem
873 940 874 943 ,
923 904 932 913 “’

139 964 205 1025 regni
220 964 310 1011 fortuna
326 966 429 1012 dederat:
453 966 488 1011 bis
507 966 574 1018 simul
592 965 717 1027 prudenter,
740 965 819 1013 simul.
919 958 926 978 ³

140 1028 260 1090 magnifiee
271 1030 362 1082 utendo,
374 1029 454 1083 effecit,
465 1030 562 1091 primurn
580 1037 605 1075 ut
622 1030 669 1081 sibi,
685 1028 765 1076 deiude
781 1037 817 1079 ut

138 1093 194 1146 aliis,
212 1108 258 1139 non
275 1094 381 1155 indignus
398 1095 510 1141 rideretur
526 1108 603 1155 regno.
639 1094 712 1139 Victis
727 1093 812 1141 deinde
830 1150 832 1156 Ι

138 1157 219 1217 proelio
231 1172 276 1204 uno
288 1158 368 1211 Gallis,
380 1174 431 1219 quse
441 1167 490 1204 tum
501 1174 557 1219 gens
565 1158 649 1204 recenti
656 1158 754 1217 adventu
762 1166 812 1205 ter-

138 1220 223 1267 nbilior
233 1222 298 1270 Asiae
307 1231 362 1276 erat,
372 1224 458 1284 regium
466 1222 560 1269 adscivit
570 1236 659 1274 nomen,
671 1223 734 1282 cujus
742 1238 812 1284 mag-

139 1285 235 1333 nitudini
251 1302 340 1350 semper
356 1288 455 1334 animum
472 1287 574 1346 aequavit⁴
614 1286 708 1333 Summis
723 1286 813 1350 iustiti&

140 1365 194 1397 suos
204 1352 276 1399 rexit:
292 1352 380 1398 unicam
390 1350 456 1397 fidem
468 1351 534 1396 sociis
544 1351 659 1411 prestitit:
679 1366 773 1397 uxorem
781 1368 813 1401 ae
917 1356 933 1379 *¹

138 1415 220 1464 liberos
231 1424 326 1478 quatuor
335 1416 465 1478 superstites
475 1416 563 1462 habuit:
582 1415 642 1462 mitis
653 1431 679 1464 ac
689 1416 811 1468 munificus
914 1410 925 1439 ³'

140 1482 217 1527 amieis
226 1481 283 1527 mit:
302 1496 397 1542 regnum
408 1481 464 1527 adso
475 1481 552 1527 stabile
566 1495 592 1526 ae
607 1479 694 1527 firmum
709 1482 808 1542 reliquit,

138 1552 164 1590 ut
172 1546 200 1591 ad
208 1546 297 1591 tertiam
304 1547 395 1606 stirpem
403 1545 515 1607 possessio
522 1547 570 1608 ejus
578 1543 722 1592 descenderit.
746 1545 811 1594 Cum

76 1629 79 1636 ¹
138 1611 246 1656 isstatus
262 1625 336 1656 rerum
353 1608 451 1663 iussit,
471 1607 612 1670 Graeciique,
630 1617 654 1656 et
673 1610 816 1660 Macedonici,

137 1681 205 1727 esset,
227 1674 320 1720 vixdum
337 1675 456 1721 terminato
476 1691 527 1720 cum
546 1673 649 1736 Philippo
667 1675 731 1727 beilo.
751 1682 813 1738 pace
914 1683 929 1716 «t

137 1745 200 1786 certe
210 1738 310 1784 nondum
318 1737 449 1800 perpetrati,
457 1739 539 1801 ingens
549 1739 572 1785 in
584 1738 695 1801 Hispanid
702 1741 812 1788 ulteriore
915 1757 918 1768 ⁴

138 1811 240 1851 connum
260 1812 295 1850 est
310 1802 400 1849 belium.
441 1804 478 1850 M.
494 1803 591 1851 Helvius
605 1805 809 1866 comprovinciam

138 1869 257 1917 obtinebat.
293 1866 318 1914 Is
327 1868 398 1915 literis
408 1876 510 1916 senatum
522 1870 638 1916 certiorem
648 1868 708 1922 fecit,
726 1877 740 1898 ‘⁴
750 1868 811 1918 Col-

137 1949 188 1981 cam
198 1941 223 1980 et
233 1933 358 1980 Luscium
369 1934 460 1995 regulos
473 1934 497 1979 in
512 1935 578 1980 armis
589 1949 655 1991 esse;
672 1949 723 1980 cum
735 1932 813 1984 colet

138 1998 216 2045 decem
226 2006 250 2045 et
261 2006 346 2060 septem
360 1998 447 2060 oppida,
460 2014 512 2045 cum
528 1998 627 2045 Luscino
638 1999 721 2046 validas
732 2000 807 2054 urbes,

138 2061 268 2112 Cerdonem
276 2070 299 2109 et
307 2061 435 2109 Bardonem
443 2079 449 2109 ε
463 2071 486 2110 et
494 2063 626 2110 maritimam
635 2079 697 2110 oram
706 2077 807 2120 omnem.

136 2143 189 2190 quae
200 2127 298 2174 nondum
309 2128 396 2175 animos
407 2127 536 2182 nudaverat,
553 2127 582 2174 ad
598 2127 742 2174 finitimorum
755 2143 809 2180 mo·

136 2201 175 2242 ms
193 2190 412 2240 consurrecturarn.”
445 2192 492 2240 His
503 2193 572 2240 literis
582 2209 596 2240 a
606 2192 642 2240 Μ.
657 2193 738 2255 Sergio
747 2209 810 2256 prro-

135 2266 193 2312 tore
204 2258 269 2320 eujus
280 2256 405 2319 jurisdictio
419 2258 479 2305 inter
494 2259 555 2305 cives
573 2265 626 2312 erat,
645 2259 748 2312 recitatis,
766 2259 810 2308 de-

134 2329 254 2370 crererrmt
262 2321 348 2376 Patres,
360 2331 393 2376 ut,
405 2323 502 2388 comitiis
512 2331 633 2385 praetorum
644 2322 754 2385 perfectis,
770 2325 809 2374 eui

132 2389 226 2450 praetori
235 2387 350 2449 provincia
361 2387 471 2448 Hispania
485 2389 618 2440 obuenisset,
635 2387 654 2434 is
664 2389 737 2450 primo
747 2404 808 2449 quo-

130 2466 178 2512 que
187 2457 289 2512 tempore
298 2452 326 2498 de
333 2451 392 2498 bello
404 2451 522 2514 Hispania
532 2452 560 2498 ad
568 2461 669 2500 senatum
681 2451 782 2500 referret.

158 2513 254 2562 XXII.
273 2516 389 2563 Subidem
400 2523 490 2577 tempus
500 2519 604 2564 consules
617 2517 716 2566 Romam
733 2533 808 2568 vene-

132 2585 209 2628 runts
220 2580 302 2639 ‹pribm
316 2581 341 2626 in
357 2580 407 2628 rede
421 2579 525 2628 Bellona
542 2589 644 2630 senatum
663 2583 807 2639 habentibus,

130 2643 338 2711 postulantibusque
358 2645 497 2708 triumphum
519 2647 548 2694 ob
567 2661 603 2696 res
621 2661 726 2715 prospere
744 2648 810 2704 belh
