1867 2925
140 124 175 174 96
244 115 274 165 Τ.
287 112 378 164 mvn
393 112 447 163 Ina.
460 110 589 163 XXXIII.
608 110 668 165 cn.
681 118 706 169 8,

141 214 275 311 amajorum
286 261 377 293 auomm
389 246 486 307 cuisque,
498 252 521 293 et
529 246 683 293 communibus
690 246 713 291 in
722 228 814 297 omnem

143 314 265 365 Graeciam,
281 319 305 359 et
317 311 411 373 propriis
425 312 449 356 in
459 310 593 357 Boeotorum
604 318 707 373 gentem,¹
719 312 814 369 meritis,

143 380 234 441 segnior
245 379 294 440 jam
310 383 334 422 et
348 375 456 422 infirmior
472 390 538 437 quam
555 383 581 422 ut
596 377 763 423 contentionem
779 378 816 425 di-

144 444 209 491 cendi
219 443 345 494 sustineret,
361 440 472 487 obmutuit
484 448 508 487 et
518 440 621 487 concidit,
657 440 696 495 Et,
713 442 766 488 dum
778 458 816 490 re-

145 524 200 571 gem
216 506 319 554 auserunt
330 502 510 569 [perferuntque]
522 512 585 567 parte
601 501 751 553 membrorum
763 522 817 569 cap-

146 582 202 627 tum,
211 573 322 635 paulisper
332 572 411 616 concio
420 570 547 617 intermissa
557 577 597 617 est,
617 571 744 619 Aristaenus
754 572 816 629 inde,

147 638 285 686 Achaeorum
299 643 388 698 praetor,
406 651 433 681 eo
448 650 500 681 cum
512 637 597 699 majore
611 637 742 683 auctoritate
754 638 819 684 audi-

146 710 191 757 tus,
203 702 264 763 quod
274 716 320 748 non
331 700 379 753 alia,
391 716 458 760 quam
468 714 521 761 quae
528 700 620 747 Achaeis
627 709 733 755 suaserat,
746 702 820 749 Boeo-

147 768 177 815 th
192 766 303 814 suadebat.
338 762 414 811 Pauca
427 764 518 826 abipso
534 765 628 819 Quintio
641 766 733 829 adjecta,
750 765 819 815 fidem

148 832 221 894 magia
241 831 375 884 Romanam,
395 844 461 891 quam
480 844 541 877 arma
560 838 598 876 aut
616 846 676 893 opes,
697 832 821 879 extollente

100 947 102 954 ,
149 897 230 944 verbis.
264 895 364 957 Rogatio
379 894 438 948 iude,
458 910 473 941 a
488 893 608 941 Plataeensi
624 893 759 943 Dicaearcho
774 896 822 945 lata

149 962 291 1022 recitataque,
303 961 331 1007 de
339 960 444 1006 mcietate
452 974 503 1006 curn
512 959 622 1006 Romanis
625 958 749 1023 jungendi,
759 961 823 1009 nullo

151 1035 230 1075 contra
248 1026 321 1071 dicere
338 1024 441 1077 audente,
461 1025 561 1071 omniurn
581 1024 678 1071 Boeotiae
697 1026 822 1073 ciuitatium

152 1090 266 1151 mfl'ragiis
288 1090 395 1151 accipitur
413 1090 556 1151 jubeturque·
596 1088 699 1137 Concilio
721 1091 823 1147 dimisso,

153 1155 262 1209 Quintius
273 1161 360 1201 numm
369 1153 454 1200 Thebis
463 1161 569 1207 moratus,
584 1162 692 1214 quantum
703 1155 776 1201 Attali
786 1170 824 1203 re-

153 1236 210 1284 pens
221 1235 286 1266 casua
296 1219 377 1281 coligit,
393 1226 511 1281 postquam
518 1278 519 1283 ¹
527 1234 575 1273 non¹
587 1220 640 1265 vitae
654 1233 753 1281 praesens
763 1222 825 1283 peri-

155 1286 231 1333 culum
241 1286 276 1332 ris
286 1285 357 1331 morbi
365 1284 475 1345 attulisse,
485 1284 523 1329 sed
531 1285 680 1329 membrorum
689 1284 825 1347 debilitatem

154 1352 204 1399 visa
214 1357 255 1403 eat,
271 1350 349 1395 relicto
362 1364 390 1394 eo
402 1349 431 1395 arl
440 1348 577 1395 curationem
588 1350 733 1395 necessariam
745 1364 827 1413 corpo-

155 1417 193 1471 ris,
205 1416 311 1468 Elatiam,
323 1413 383 1462 unde
392 1412 505 1476 profectus
515 1420 569 1467 erat,
582 1414 638 1460 redit
644 1431 652 1473 ;
670 1414 758 1460 Boeotiu
769 1430 828 1478 quo-

156 1497 208 1543 que,
225 1481 283 1526 sicut
299 1481 360 1540 prius
379 1478 477 1532 Achaeis,
498 1479 526 1525 ad
545 1480 672 1526 societatem
689 1480 781 1538 accitia;
804 1489 830 1528 et

157 1546 257 1609 (quando
273 1551 322 1590 tuta
337 1559 363 1590 ea
378 1552 499 1604 pacataque
514 1544 541 1589 ab
556 1550 622 1605 tergo
637 1545 828 1607 relinquebantur)

157 1610 260 1656 omnibus
266 1609 314 1670 jam
324 1607 496 1670 cogitatiombus
505 1609 529 1654 in
541 1607 674 1671 Philippum,
687 1617 710 1656 et
721 1610 781 1670 quod
792 1627 830 1658 re·

157 1675 243 1734 liquum
253 1673 305 1719 belli
315 1681 369 1725 erat,
381 1673 502 1720 conversis.

191 1737 239 1784 111.
258 1737 374 1799 Philippus
383 1753 473 1798 quoque
480 1738 553 1800 primo
560 1754 620 1793 vere,
632 1748 750 1802 postquam
759 1741 830 1804 legati

158 1805 186 1851 ab
196 1801 272 1850 Romi
282 1803 336 1849 nihil
346 1803 418 1864 pacati
432 1803 560 1866 retulerant,
576 1801 685 1850 delectum
699 1821 739 1867 per
753 1808 832 1856 omnia

159 1869 239 1932 oppida
249 1868 313 1930 regni
323 1868 403 1915 habere
412 1868 516 1922 instituit,
531 1869 555 1914 in
569 1867 653 1930 magni
665 1867 741 1932 inopii
750 1873 830 1934 junio-

159 1949 223 1982 rum:
242 1935 395 1986 abaumaerant
411 1933 472 1979 enim
486 1949 526 1995 per
536 1933 618 1980 multae
624 1935 673 1996 Jam
685 1943 763 1982 etates
774 1951 831 1984 con·

159 1999 223 2046 unua
240 1999 297 2044 bella
315 1998 468 2045 Macedonas:
495 1999 543 2060 ipso
562 2013 651 2060 quoque
671 2008 786 2061 regnante,
806 2010 833 2051 et

159 2063 275 2110 navalibus
283 2063 346 2109 bellis
356 2062 462 2109 adversus
473 2062 575 2110 Rhodios
586 2063 738 2125 Attalumque,
752 2075 775 2113 et
785 2075 833 2114 ter.

161 2129 266 2175 restribus
273 2128 379 2174 adversus
389 2127 514 2180 Romanoa,
526 2129 626 2175 cecidere
636 2137 741 2192 tmagnus
752 2147 834 2180 nume·

160 2209 206 2240 nra.
234 2191 271 2239 Ita
281 2200 303 2238 et
313 2193 397 2238 tirones
408 2193 436 2239 ab
443 2193 539 2240 sedecim
547 2193 612 2240 annis
619 2195 701 2241 milites
710 2197 833 2257 scribebat³;

160 2266 185 2304 et
194 2258 292 2304 emeritis
302 2258 391 2317 quidam
401 2258 523 2318 stipendiis,
539 2259 617 2320 quibus
632 2260 699 2306 modo
710 2262 832 2322 quidquam

130 2316 133 2327 ¹
160 2322 239 2382 reliqui
250 2323 334 2368 roboris
344 2329 400 2375 erat,
415 2323 443 2368 ad
454 2323 520 2384 signa
530 2325 695 2371 revocabantur.
732 2325 769 2374 Itu
781 2321 835 2392 supss

159 2388 222 2450 pleto
231 2388 337 2441 exercitu,
350 2388 472 2433 meandum
483 2403 578 2435 remum
586 2390 744 2450 aequinoctium
753 2407 834 2442 omnes

160 2451 553 2576 fatiqttutttattttt
566 2454 657 2566 ”itt
666 2456 835 2576 120er

606 2536 619 2567 e
634 2536 690 2567 aur.
808 2539 835 2572 ῃ.

160 2580 206 2625 tiua
244 2595 256 2624 r
266 2581 356 2628 eoadem
365 2581 437 2628 ferme
447 2582 501 2636 dies,
513 2535 628 2631 abphPleatii
637 2585 758 2647 profectus,
773 2603 835 2650 prae.

159 2650 194 2692 ter
205 2595 330 2696 {tunium
342 2654 365 2699 et
373 2647 507 2717 Scarpheam
515 2649 544 2700 ad
551 2649 714 2716 Thermopylas
723 2657 833 2716 pervertit.
