1867 2925
186 81 318 153 nmvn
332 101 386 151 aa
399 100 537 154 xxxvn.
558 100 619 153 cn.
633 104 670 152 n.
716 104 766 153 sos

25 286 29 295 Ι
98 234 164 280 amor
181 232 273 279 incessit
288 232 387 287 Livium,
403 248 433 280 ne
445 241 470 281 et
485 232 602 281 auxiliares
619 234 767 281 circumveni·

97 305 182 350 rentur,
195 304 219 343 et
228 297 320 345 motas
329 299 396 345 etiam
407 300 435 345 ab
445 298 504 345 terri
514 298 635 361 perieulum
646 306 720 346 esset:
733 299 766 347 ita

99 377 145 421 non
153 361 234 408 milites
244 362 324 416 solium,
336 364 376 409 sed
385 363 452 409 etiam
462 365 553 410 navales
564 363 643 416 socios.
655 364 766 425 remigum

99 428 193 479 mutan,
206 426 284 486 quibua
294 428 387 487 quisque
397 436 484 489 poterat
494 428 551 483 telis,
564 434 661 475 annates
671 428 694 473 in
704 442 767 489 proe·
826 430 827 435 ’

99 491 153 559 lium
161 490 247 537 eduxit.
280 490 340 537 Tum
351 507 440 552 quoque
449 507 530 555 onoeps
540 506 617 554 pugna
626 492 683 548 iuit;
694 504 768 552 neque

100 555 180 601 milites
197 556 269 601 solum
285 556 375 615 aliquot,
393 558 432 603 sed
447 556 477 603 L.
495 558 604 618 Apustius
620 556 767 603 tumultuario

101 619 178 679 proelio
189 619 276 665 cecidit
310 619 428 668 Postremo
441 629 516 668 tamen
530 620 574 668 fusi
588 620 703 683 fligatique
715 625 768 665 sunt

101 682 175 743 Lycii,
192 691 262 743 atque
273 685 300 730 iu
317 686 392 732 urbem
411 686 535 747 compulsi;
556 694 579 732 et
597 685 696 733 Romani
715 698 768 731 cum

100 748 159 793 haud
168 746 287 794 incruenti
295 748 386 798 victoni
396 751 424 797 ad
434 766 503 797 naves
518 751 636 797 redierunt.
671 748 729 795 Inde
743 749 767 795 in

24 822 26 842 ¹
101 810 261 857 Telmissicum
274 812 365 873 profecti
380 816 460 868 sinum,
478 816 516 875 qui
529 812 792 867 latereunocsriam'
857 832 862 845 t

102 877 170 923 altero
183 876 280 937 Lyciam
290 878 405 939 confingit,
423 877 505 925 omissi
515 879 596 926 Patara
609 878 703 939 amplius
718 884 768 922 ten-

103 941 162 987 tandi
174 957 221 1003 spe,
234 940 317 987 Rhodii
327 942 416 990 domm
426 943 511 990 dimissi
521 950 580 989 sunt.
610 942 697 995 Livius,
709 955 768 1003 prte-

103 1012 217 1052 tervectus
234 1006 321 1059 Asiam
342 1008 365 1051 in
385 1008 497 1055 Graeciam
516 1008 644 1061 transmisit,
663 1015 695 1061 ut,
713 1020 768 1053 oon-

102 1072 176 1117 ventis
187 1070 333 1131 Scipionibus,
344 1072 381 1131 qui
392 1079 440 1119 tum
449 1073 508 1119 circa
515 1072 652 1121 Thessaliam
663 1079 733 1126 erant,
745 1071 770 1119 in

101 1132 192 1183 Italiam
203 1135 319 1196 trajiceret.

135 1198 222 1247 XVIL
240 1198 353 1255 AEmiiiua,
369 1209 488 1263 postquam
501 1204 593 1250 omissas
603 1203 626 1249 in
641 1200 714 1263 Lycii
724 1216 767 1256 nes,

99 1272 126 1313 et
135 1264 232 1313 Liuium
245 1264 370 1325 proiectum
384 1268 408 1311 in
422 1265 510 1315 Italiam
525 1268 638 1329 cognovit,
656 1280 707 1312 cum
721 1267 769 1326 ipse

100 1330 129 1377 ab
140 1328 238 1391 Epheso,
248 1330 350 1390 repulsus
356 1337 494 1393 tempestate,
506 1334 568 1393 irrito
578 1333 667 1391 incepto
676 1330 769 1389 Samum

103 1396 235 1446 revertisset,
253 1401 318 1455 turpe
334 1402 402 1450 ratus,
421 1403 505 1443 tentata
519 1396 600 1443 frustra
615 1394 697 1440 Patara
711 1408 768 1447 esse,

103 1458 209 1520 proficisci
219 1475 248 1505 eo
263 1457 310 1506 toti
324 1460 401 1515 classe,
417 1469 441 1508 et
454 1459 544 1508 summit
555 1462 578 1508 vi
588 1458 681 1522 aggredi
692 1459 769 1506 urbem

102 1526 186 1573 statuit.
219 1524 327 1571 Miletum
338 1532 361 1571 et
371 1534 474 1573 caeteram
483 1542 544 1573 oram
556 1527 665 1572 sociorum
677 1529 769 1586 praetere

102 1591 167 1643 vecti,
182 1589 206 1634 in
222 1587 376 1650 Bargylietico
391 1591 440 1636 sinu
454 1593 622 1638 exsecutionem
638 1590 666 1635 ad
680 1587 769 1636 lassum

102 1652 207 1700 iecerunt.
244 1653 330 1700 Urbem
341 1655 428 1716 regium
436 1657 524 1702 tenebat
535 1655 675 1717 praesidium:
689 1669 771 1716 agrum

103 1718 265 1766 caenomani
272 1719 381 1765 hostiliter
388 1719 514 1780 depopulati
523 1727 581 1766 sunt
596 1719 674 1765 Missis
683 1718 768 1770 deinde,
829 1727 835 1748 ¹

102 1784 137 1844 qui
147 1799 186 1845 per
197 1783 307 1843 colloquia
314 1784 438 1844 principum
446 1791 469 1830 et
477 1785 646 1845 magistratuum
658 1787 770 1828 tentarent

101 1848 193 1901 animos,
204 1858 323 1909 postquam
334 1848 389 1893 nihil
399 1849 422 1892 in
432 1855 543 1908 potestate
554 1845 595 1894 sui
609 1847 771 1908 responderunt

101 1928 155 1966 esse,
171 1912 201 1958 ad
212 1913 298 1958 urbem
304 1913 476 1975 oppugnandam
491 1913 561 1958 ducite
594 1911 667 1958 Erant
682 1909 772 1958 lassen-

100 1977 157 2024 aium
174 1977 265 2024 exsules
282 1992 334 2022 cum
351 1977 474 2023 Romanis:
494 1977 510 2021 ii
526 1974 654 2036 frequentes
668 1975 770 2022 Rhodios

103 2057 164 2088 orare
177 2042 318 2094 institerunt.
339 2040 405 2087 “Ne
421 2043 505 2094 urbem,
526 2047 549 2086 et
567 2040 662 2087 vicinam
680 2042 726 2095 sibi,
747 2046 771 2086 et

103 2113 228 2168 cognatam,
239 2106 354 2152 innoxiam
362 2106 434 2166 perire
445 2106 550 2152 sinerent.
585 2105 631 2152 Sibi
642 2106 713 2153 exsilii
722 2104 772 2150 nul·

102 2171 145 2217 lam
159 2171 226 2221 aliam
241 2185 331 2216 causam
345 2185 402 2223 esse,
417 2185 484 2230 quam
495 2169 561 2216 fidem
577 2185 631 2233 erga
644 2171 769 2218 Romanos.

100 2233 190 2282 Eidem
207 2235 230 2281 vi
245 2235 365 2296 regiorum,
381 2233 425 2295 qud
438 2236 480 2296 ipsi
497 2235 555 2296 pulsi
570 2235 621 2289 sint,
639 2234 710 2282 teneri
724 2245 770 2293 eost

101 2301 140 2360 qui
147 2301 171 2344 in
180 2301 235 2346 urbe
242 2306 360 2346 maneant:
375 2299 474 2345 omnium
484 2298 620 2346 lossensium
631 2313 698 2344 unam
709 2309 773 2341 men·

102 2371 147 2410 tem
158 2379 216 2416 esse,
228 2370 254 2409 ut'
265 2364 395 2409 servitutem
406 2365 490 2425 regiam
502 2361 652 2424 affligerent.”
681 2358 772 2410 Rhodii,

102 2430 158 2474 moti
177 2428 287 2489 precibus,
308 2427 412 2473 Eumene
430 2429 499 2474 etiam,
514 2443 568 2487 rege
583 2431 689 2475 assumto,
708 2422 774 2470 simui

103 2507 155 2541 suas
174 2491 350 2538 necessitudines
367 2491 570 2540 commemorando,
590 2487 657 2534 simul
678 2487 774 2532 obsessae

102 2558 168 2618 regio
174 2555 279 2616 praesidio
290 2555 350 2601 ur'ois
360 2571 436 2600 casum
447 2551 736 2610 miserando‚=pervioerunt,
749 2555 775 2594 ut

103 2619 273 2683 oppugnatione
283 2618 430 2668 absisteretur
458 2615 557 2666 Profecti
567 2613 624 2669 nde,
636 2616 720 2677 pacatis
730 2625 776 2691 cre.-
