1867 2925
200 147 232 197 Τ.
245 140 332 198 mvn
346 141 399 202 Lis
413 139 527 197 XXXV·
547 149 606 199 cre
620 143 659 199 82.
716 153 766 199 m

87 289 159 338 'esset
174 293 202 327 re
216 278 270 328 veri
287 279 361 328 omnia
376 281 406 328 ad
421 287 501 327 natum
516 279 673 328 Romanorum
688 276 766 329 tend·

95 342 144 392 Sub
157 345 215 392 hsno
230 361 309 392 vocem
320 345 423 392 fremitus
437 345 543 393 variantis
557 346 705 394 multitudinis
713 345 764 400 fuit,

93 409 174 473 partim
191 407 326 472 [assensum
344 411 424 472 partim
441 410 637 476 indignationem]
654 411 727 458 uicere
741 412 766 458 id
797 423 802 430 ¹

94 489 173 523 ausum
189 489 248 522 eum.
285 474 393 529 Quintius
407 475 496 536 quidem
511 472 567 523 adeo
580 477 664 522 exarsit
672 474 713 530 nt,
730 484 764 529 ut,

93 555 174 586 manus
193 540 222 588 ad
241 540 323 586 ooelnm
343 541 443 594 tendens,
467 539 533 587 Deos
552 548 621 587 testes
638 542 720 602 ingrati
739 555 765 587 ac

93 604 171 668 perfidi
186 605 255 650 animi
269 604 405 666 Magnetum
421 605 542 653 invocaret.
577 604 631 652 Hac
643 620 701 652 voce
713 620 782 667 per-¹

93 670 176 716 territis
194 669 304 722 omnibus,
322 669 392 723 Zeno,
409 683 438 716 ex
448 671 582 734 prineiprhus
592 685 657 724 unus,
674 683 765 732 magna

92 742 140 781 tum
151 735 181 781 oh
192 735 309 796 eleganter
318 741 390 781 aotam
401 737 471 781 vitam
483 735 625 789 auctoritatis,
644 741 693 782 tum
703 732 764 796 quod

94 815 182 861 semper
204 797 360 845 Romanorum
382 800 440 847 haud
461 800 527 846 dubie
547 801 616 861 partis
634 799 713 853 fuerat,
737 799 766 848 ab

95 863 190 918 Quintio
198 863 323 926 legatisque
334 864 381 910 aliis
391 863 448 910 flens
458 865 529 926 petiit,
548 872 564 894 ‘⁶
572 879 602 910 ne
612 865 677 910 unius
687 876 765 912 amen-

94 930 146 976 tiam
157 927 243 975 civitati
257 929 403 990 assignarent.
439 929 486 977 Suo
501 944 611 990 quemque
620 928 718 990 periculo
728 927 765 991 fu:

87 1009 149 1040 rere.
183 991 309 1056 Magnetas
328 1007 373 1038 non
391 993 514 1040 libertatern
532 994 608 1047 modo,
631 992 671 1040 aed
690 993 765 1039 omnia

94 1071 144 1120 quae
162 1058 291 1105 hominibus
310 1064 387 1106 saneta
404 1071 499 1118 caraque
515 1059 566 1113 sint,
583 1057 613 1104 Τ.
628 1057 724 1112 Ομίηῒίο
742 1064 766 1104 et

88 1124 176 1186 popido
196 1122 302 1168 Romano
319 1123 405 1169 dehere.
439 1121 504 1170 Nihil
520 1137 654 1184 quemquam
668 1124 696 1170 ab
710 1121 764 1170 Diis

92 1187 255 1234 immortalibus
271 1188 356 1249 precari
372 1202 444 1249 posue,
462 1188 522 1248 quod
538 1202 584 1234 non
599 1187 722 1250 Magnetes
736 1189 765 1234 ab

91 1253 134 1299 uns
150 1253 274 1310 haberent;
289 1253 350 1299 etin
366 1267 457 1314 corpora
475 1267 515 1299 sua
532 1251 596 1298 citius
610 1267 650 1312 per
664 1252 764 1298 furorem

92 1318 219 1370 saevituros,
232 1331 299 1378 quam
309 1324 334 1363 ut
345 1317 472 1363 Romanam
483 1316 601 1363 amicitiam
611 1314 748 1361 violarent'²

123 1380 241 1429 XXXII.
262 1380 339 1444 Hujus
349 1382 472 1428 orationem
483 1382 608 1427 auhseoutae
617 1377 765 1427 multitudiuis

90 1459 168 1511 prwes
184 1453 246 1494 sunt.
281 1445 424 1510 Eurylochus
440 1460 471 1493 ex
487 1445 581 1492 coneilio
596 1445 711 1491 itineribus
725 1457 765 1491 oe-

92 1513 157 1559 enltia
176 1512 206 1559 ad
224 1518 318 1574 portam,
335 1520 403 1573 atque
418 1512 470 1558 inde
486 1512 587 1573 protinus
603 1512 627 1556 in
644 1508 762 1563 AEtoliam,

93 1576 201 1641 protirgit.
236 1574 289 1625 Jam
301 1578 367 1631 enim,
384 1584 407 1623 et
417 1577 440 1624 id
450 1578 523 1638 magis
534 1577 557 1621 in
568 1576 622 1630 dieo,
639 1576 713 1623 AEtoii
724 1574 764 1622 de-

92 1640 214 1689 sectionem
222 1642 346 1688 nudabant:
361 1656 431 1702 eoque
442 1642 491 1703 ipso
498 1640 557 1687 forte
566 1649 667 1703 tempore
677 1640 762 1697 Thone,

92 1708 196 1769 pn'neeps
206 1708 288 1769 gentis,
306 1720 371 1767 quern
386 1707 493 1753 miserant
503 1706 531 1752 ad
541 1706 687 1761 Antiochum,
705 1702 764 1753 redi·

94 1780 147 1825 erat,
164 1771 264 1831 indeque
278 1770 411 1833 Menippum
426 1786 501 1817 seeum
515 1770 643 1826 adduxerat,
661 1772 720 1834 regis
731 1771 764 1816 le-

92 1844 179 1899 gatum.
217 1836 271 1890 Qui,
289 1837 415 1899 priusquam
432 1836 550 1903 concilium
566 1837 594 1882 iis
608 1836 703 1889 daretur,
720 1836 764 1880 im-

13 1946 14 1951 ,
92 1902 208 1963 plererant
220 1902 320 1947 omnium
330 1916 402 1955 aures,
421 1906 535 1967 terrestres
545 1901 679 1962 navalesque
689 1901 764 1963 oopina

93 1964 305 2023 commemorand03
323 1966 464 2027 “ingentem
479 1965 525 2012 vim
540 1966 639 2027 peditum
653 1967 764 2027 equitum·

77 2026 80 2043 '
93 2046 135 2093 que
145 2032 239 2079 venire:
257 2044 287 2077 ex
298 2029 363 2077 Indii
372 2031 515 2092 elephantus:
534 2037 586 2077 ante
594 2030 694 2085 omnis,”
706 2032 763 2095 (quo

93 2097 192 2143 maxime
199 2097 285 2143 moveri
294 2096 411 2142 eredebant
421 2095 568 2142 multitudinis
578 2094 675 2157 animos)
688 2101 706 2127 “
713 2103 764 2142 tan-

93 2166 142 2208 tum
158 2161 240 2209 advehi
256 2160 311 2214 auri,
328 2167 354 2207 ut
367 2162 428 2222 ipsos
445 2175 519 2207 emere
534 2160 652 2208 Romanos
665 2155 764 2223 possit·”

93 2226 230 2289 Apparebat,
248 2226 301 2287 quid
315 2240 342 2272 ea
355 2225 426 2271 oratio
440 2224 463 2279 in
478 2225 572 2272 coneilio
581 2233 675 2272 motura
688 2229 761 2271 esset:

92 2305 144 2338 narn
155 2298 180 2338 et
190 2290 280 2339 uenisse
290 2290 336 2344 eos,
354 2297 383 2344 et,
396 2304 446 2351 quae
457 2299 557 2353 agerent,
569 2292 644 2337 omnia
652 2285 765 2335 Romanis
867 2323 868 2327 ,

92 2356 173 2418 legatis
185 2356 352 2403 deserebantur:
366 2362 544 2415 et„quamquam
554 2370 624 2417 prope
633 2353 718 2399 abscisa
728 2361 764 2396 res

93 2428 146 2473 erat,
165 2428 242 2467 temen
259 2434 306 2467 non
323 2422 350 2467 ah
367 2434 392 2467 re
405 2434 455 2468 esee
470 2419 565 2474 Quintio
579 2420 654 2466 visum
667 2423 709 2470 est,
727 2424 764 2461 so·

92 2486 179 2532 tionum
197 2486 282 2549 aliquos
299 2485 386 2547 iegntos
399 2485 541 2532 interesseei
556 2481 657 2535 coneilio,
674 2480 766 2541 quiad-

92 2558 211 2599 monerent
222 2550 334 2597 Romanae
351 2551 462 2597 societatis
477 2548 575 2600 AEtolos,
593 2547 631 2606 qui
645 2559 724 2592 rocem
738 2544 766 2589 u-

93 2616 167 2663 beram
178 2616 268 2662 mittere
277 2616 382 2663 adversus
390 2616 450 2676 regis
456 2612 556 2675 legatum
565 2609 678 2657 auderent.
692 2610 765 2655 Athe·

93 2681 183 2731 aienses
197 2680 295 2729 martimo
308 2679 332 2726 in
345 2694 396 2728 eam
405 2692 453 2729 rem
463 2676 537 2725 idonei
547 2675 659 2730 visisunt,
675 2680 765 2737 propte*
