1867 2925
100 120 115 139 '
159 129 206 178 10⁶
254 123 386 175 m‘Ltvn
401 122 455 174 Lm.
470 121 599 173 XXXIII.
618 122 743 202 carsit

157 256 267 320 urbesque
276 263 348 319 captae
358 256 457 311 AEtolos,
467 255 619 317 sequerentur.
640 256 655 287 ‘⁸
662 254 738 311 Vos,”
749 256 833 319 inquit,

75 330 79 335 '
157 322 247 385 “ipsi‚''
261 323 375 377 Quintius,
389 324 525 369 “societatis
532 323 596 370 istius
603 322 666 384 leges
674 322 770 383 rupistis,
783 336 833 383 quo

156 394 264 451 tempore,
281 388 362 434 relictis
376 388 447 441 nobis,
462 402 514 433 cum
528 386 629 448 Philippo
639 402 716 449 pacem
725 386 812 435 fecistis
819 404 830 445 3

156 468 208 514 quae
219 454 238 500 ai
249 460 356 507 maneret,
367 459 481 513 captarum
492 461 567 499 tamen
575 452 660 498 urbium
670 453 707 499 illa
715 453 752 498 lex
758 452 829 499 soret.

156 518 281 565 ssesaaliae
292 519 393 565 civitates
404 514 445 563 aui
454 518 569 563 voluntate
579 517 602 563 in
614 517 720 563 ditionem
727 523 830 564 nostram

156 582 294 631 venenmt.”
328 582 396 636 Haec,
416 597 467 627 eum
487 583 586 628 omnium
606 583 716 628 sociorum
735 594 831 629 assensu

156 648 222 702 (licta,
240 648 325 694 AEtolis
339 662 386 693 non
398 648 422 692 in
436 655 555 709 praesentia
569 647 636 693 modo
650 648 728 709 gravia
741 647 829 701 auditu,

156 714 197 761 sed
208 728 262 760 mox
271 713 323 759 belli
336 712 403 759 etiam
418 728 499 766 oausae,
515 726 690 773 magnarumque
704 726 733 757 ex
743 727 770 758 eo
781 712 832 757 cla·

156 778 226 830 (lium,
246 778 274 823 iis
291 776 388 824 suerunt
425 776 485 825 Cum
504 776 606 839 Philippo
621 777 652 823 ita
670 775 782 829 conuenit,
803 782 832 825 ut

157 840 302 890 Demetrium
317 842 386 888 filium
401 848 425 889 et
437 842 544 902 quosdam
560 856 589 899 ex
600 842 722 887 amicorum
733 854 830 887 numero

154 908 250 961 obsides,
263 915 287 954 et
297 908 393 953 ducenta
402 906 492 961 talettta
505 906 579 956 daret:
593 906 622 953 (le
632 907 718 953 eaeteris
729 906 830 952 Romam

157 972 258 1019 mitteret
268 974 366 1034 legatos:
383 972 412 1017 ad
421 987 471 1018 eam
482 986 529 1017 rem
540 978 635 1031 quatuor
645 971 754 1017 mensium
762 970 832 1017 indu·-

157 1038 200 1084 ciae
214 1044 296 1084 essent.
332 1036 356 1083 st
371 1050 416 1097 pax
432 1050 478 1082 non
494 1037 610 1097 impetrata
625 1037 653 1083 ab
669 1042 748 1082 senatu
760 1034 830 1090 foret,

157 1102 244 1148 obsides
263 1101 424 1161 pecuniamque
444 1100 505 1147 reddi
527 1099 630 1163 Philippo
652 1108 764 1162 receptum
783 1107 828 1147 eat.

157 1164 234 1214 Causa
244 1164 350 1211 Romano
360 1161 487 1227 imperatori
498 1180 543 1211 nou
558 1165 600 1212 alra
613 1178 685 1227 major
694 1164 763 1211 fuisse
773 1164 831 1211 dret-

156 1238 196 1277 tur
205 1231 266 1292 pacis
276 1230 420 1283 maturandae,
435 1246 502 1292 quam
517 1230 577 1291 quod
592 1230 729 1276 Antiochum
744 1229 830 1277 bellum
930 1278 931 1301 q

157 1296 320 1355 transitumque
330 1296 353 1341 in
364 1294 479 1357 Europam
491 1295 563 1342 moliri
573 1296 694 1341 constabat.

191 1360 262 1407 XIV.
279 1360 367 1407 Eodem
375 1367 482 1421 tempore,
493 1368 566 1421 atque,
579 1366 604 1405 ut
612 1360 700 1420 quidam
710 1357 829 1414 tradidere,

158 1425 237 1475 eodem
248 1426 291 1479 die,
306 1425 335 1472 ad
349 1422 484 1474 Corinthum
497 1425 577 1472 Achaei
588 1425 667 1472 ducem
679 1424 765 1488 regium
776 1425 831 1472 An-
930 1418 931 1482 Ῐ

158 1492 301 1538 drosthenem
312 1492 376 1552 justo
390 1491 469 1551 proelio
482 1489 594 1539 fuderunt.
629 1489 688 1536 Eum
700 1491 776 1537 urbem
786 1505 831 1552 pro
858 1511 861 1514 ·
930 1483 931 1498 ¹

156 1570 208 1602 aroc
222 1556 337 1602 habiturus
353 1555 468 1617 Philippus
482 1555 588 1602 adversus
604 1556 702 1603 Graeciae
718 1555 830 1611 civitates,

156 1627 181 1667 et
194 1620 305 1682 principes
318 1619 497 1673 inde-evocatos,
514 1635 553 1681 per
570 1621 664 1682 speciem
680 1620 831 1680 colloquendi,
930 1607 931 1630 ¹

157 1691 265 1746 quantum
281 1685 381 1744 equitum
398 1684 450 1732 dare
463 1683 575 1734 Corinthii
590 1685 617 1730 ad
631 1685 713 1732 bellum
728 1692 830 1745 possent,

156 1750 278 1796 retinuerat
288 1764 329 1810 pro
337 1749 458 1807 obsidibus;
475 1757 505 1804 et,
516 1756 598 1812 praeter
606 1751 740 1811 quingentos
749 1749 833 1798 Mace-

157 1815 228 1861 (lonas
246 1815 373 1875 mixtosque
388 1829 418 1860 ex
433 1815 495 1860 omni
510 1829 594 1876 genere
608 1816 740 1860 auxiliorum
757 1811 833 1860 octin-

157 1887 248 1942 gentas,
259 1879 319 1940 quod
325 1881 373 1942 jam
384 1887 437 1926 ante
444 1879 473 1926 ibi
480 1877 559 1932 fuerat,
571 1879 631 1925 mille
640 1879 793 1926 Macedonum
802 1895 833 1926 co

157 1945 256 1998 miserat.
268 1952 292 1991 et
302 1945 363 1990 mille
373 1959 399 1990 ae
410 1944 518 1990 ducentos
529 1943 626 2004 Illyrios,
639 1943 790 2004 Thracasque,
806 1951 832 1991 et
930 1925 931 2014 J

157 2007 287 2062 Cretenses,
297 2009 365 2070 quiin
372 2006 464 2069 utrique
470 2016 532 2070 parte
538 2009 667 2061 militabant,
677 2008 830 2069 octingentos.v

157 2071 206 2120 His
222 2075 289 2121 additi
303 2074 388 2127 Boeoti,
405 2072 558 2132 thessalique,
577 2080 600 2119 et
615 2075 745 2128 Acarnanes
759 2073 829 2128 mille,

157 2140 239 2184 mutati
249 2153 334 2191 ornnes,
346 2146 371 2185 et
381 2138 515 2199 exipsorum
526 2136 694 2184 Corinthiorum
700 2140 830 2200 juventute,

157 2202 249 2264 impleta
259 2209 285 2249 ut
294 2210 370 2249 essent
380 2216 420 2248 aex
430 2203 499 2248 millia
509 2209 652 2256 sanatorum,
664 2201 767 2251 fiduciam
778 2203 832 2250 An‘-

157 2264 272 2315 drostheni
279 2266 380 2313 fecerunt
387 2267 435 2314 acie
442 2267 581 2313 decernendi.
607 2267 757 2320 Nicostratus,
770 2283 833 2329 prm-

156 2339 194 2377 tor
213 2333 358 2385 Achaeorum,
379 2333 477 2390 Sicyone
495 2338 543 2378 erat
561 2347 612 2378 cum
631 2333 716 2378 duohus
731 2333 832 2381 millibus

156 2397 263 2456 peditum,
280 2404 371 2442 centum
385 2397 509 2457 equitibus;
527 2396 572 2451 sed,
589 2398 695 2458 imparem
711 2413 734 2443 se
749 2404 772 2444 et
786 2411 831 2444 nu·

156 2473 220 2507 mero
230 2469 254 2508 et
264 2477 347 2523 genere
357 2461 453 2508 militum
464 2476 565 2515 cernens,
582 2463 692 2508 moenibus
705 2476 751 2508 non
762 2473 832 2516 exce2'

156 2523 229 2571 debat.
258 2527 342 2589 Regiae
352 2527 423 2587 copiae
433 2526 532 2587 peditum
544 2527 687 2588 equitumque
697 2541 763 2588 vsgae
775 2526 832 2574 Pel-

155 2587 278 2645 lenensem,
294 2599 317 2639 et
328 2590 458 2643 Phliasium,
475 2598 498 2637 et
510 2589 647 2658 Cleonaeum¹
656 2607 742 2654 ugrum,
759 2592 831 2654 depo-

153 2651 292 2717 pulabantur.
329 2655 458 2710 Postremo,
477 2657 636 2718 exprobrantes
654 2664 740 2706 metm
756 2656 828 2714 hosti.
