1867 2925
157 126 194 171 60
269 118 300 169 Τ.
313 116 402 167 LIVII
419 116 473 167 Lu.
486 113 603 168 XXXII.
621 114 683 167 Cari
696 121 721 167 9.

161 251 225 299 sisse.
259 247 340 310 Itaque
353 247 457 295 Attalum
475 262 540 295 orare
556 246 637 294 Patren
651 248 797 311 conscriptos,
812 250 837 299 εἱ

161 314 202 365 auci
212 315 291 369 classe,
303 312 387 374 suique
397 311 465 375 operi
480 314 513 358 uti
526 313 555 359 acl
565 313 738 361 Macedonicum
748 315 832 362 bellurn

161 381 252 433 vellent,
265 381 381 426 mitterent
393 379 436 439 ipsi
448 378 576 439 proesidium
587 378 617 425 ad
628 394 723 440 regnum
735 381 785 441 ejus
794 388 834 427 tu·

161 446 269 493 tandum:
289 445 308 491 si
319 444 341 490 id
352 443 444 496 nollent,
457 442 530 504 ipsum
541 444 570 490 sn
580 458 621 489 sua
630 443 772 491 defendendo
778 461 836 492 crnn

161 511 232 557 classe
242 526 268 557 ac
279 508 369 571 reliquis
384 508 453 569 copiis
464 508 536 554 redire
546 508 701 569 paterenurr.'’
736 510 837 558 &natue

161 576 242 638 legatis
250 574 281 621 ita
289 573 417 635 responderi
423 574 499 635 jussit,
513 580 529 602 ‘⁴
538 572 607 625 Quod
615 588 656 619 rex
663 574 755 620 Attalus
763 574 839 625 classe

163 642 276 703 copiisque
286 640 334 685 aliis
345 638 412 685 duces
424 636 542 684 Romanos
547 638 652 700 juvisset,
663 638 686 683 id
696 646 787 699 gratum
797 656 837 687 se-

162 706 225 767 natui
243 720 298 751 esse
334 701 428 750 Auxilia
444 717 487 749 nec
502 702 562 763 ipsos
578 703 686 749 missuros
699 703 779 754 Attalo
794 706 843 751 ad-·

162 784 242 818 versus
248 768 396 821 Antiochum,
405 768 491 813 socium
498 775 522 813 et
529 768 625 813 amicum
633 768 710 830 populi
718 768 818 815 Romani
826 788 835 829 ς

164 850 207 882 nec
219 834 291 881 Attali
301 834 383 881 auxilia
398 839 532 885 retenturos,
548 832 606 878 ultra
622 848 689 893 quam
706 834 755 894 regi
770 849 838 881 com-

163 899 256 947 modum
269 906 335 945 esset.
372 898 465 959 Semper
483 897 591 959 populum
606 897 737 943 Romanum
756 898 838 947 alienis

163 966 235 1019 rebus,
248 964 338 1010 arbitrio
351 962 431 1017 alieno,
447 978 530 1020 usum3
546 969 570 1009 et
580 962 712 1023 principium
726 970 752 1008 et
765 963 840 1013 finem

162 1030 187 1078 in
197 1036 308 1091 potestate
319 1029 425 1090 ipsorum,
441 1027 480 1088 qui
494 1043 537 1088 ope
551 1025 592 1073 sui
602 1027 673 1074 velint
684 1027 773 1089 adjutos
783 1028 837 1075 Ro-

162 1109 249 1147 manos,
262 1109 318 1141 esse.
353 1092 455 1154 Legatos
471 1092 500 1137 ad
513 1092 653 1138 Antiochum
667 1092 782 1146 missuros,
797 1096 838 1155 qui

164 1158 275 1211 nuntient,
287 1158 360 1204 Attali
371 1157 506 1217 naviumque
516 1158 565 1219 ejus
577 1164 601 1203 et
611 1156 706 1206 militum
717 1156 786 1218 operti
796 1160 843 1205 aal-

163 1238 243 1271 veraua
261 1222 388 1285 Philippum
407 1238 550 1269 communem
569 1223 657 1267 hostem
676 1222 709 1267 uti
726 1223 838 1284 populum

164 1288 303 1336 Romanurn.
343 1288 440 1334 Gratum
455 1302 508 1333 eum
526 1286 638 1333 facturum
650 1283 696 1351 [et]
708 1288 804 1341 sensuri,
815 1290 837 1335 ai

165 1369 236 1417 regno
254 1352 326 1400 Attali
343 1353 458 1407 abstineut,
475 1352 579 1413 belloque
594 1352 696 1397 absistat.
729 1350 837 1413 AEqurnn

165 1434 222 1474 esse,
235 1419 308 1466 socios
319 1424 342 1466 et
354 1417 437 1465 amicos
451 1416 528 1480 populi
539 1416 638 1464 Romani
655 1431 721 1480 reges
736 1416 796 1465 inter
810 1433 839 1468 se

167 1500 255 1546 quoque
266 1485 326 1546 ipson
336 1499 414 1546 pacem
426 1480 543 1530 seruare.”
844 1513 848 1519 -

198 1547 246 1596 lx.
266 1546 390 1596 Consulem
400 1547 432 1594 T.
442 1547 571 1601 Quintium,
578 1548 611 1594 ita
620 1548 695 1595 habito
705 1547 802 1603 delectu,
809 1557 839 1597 ut

166 1629 207 1662 eos
217 1613 265 1660 fere
281 1613 366 1674 legeret
384 1612 421 1673 qui
438 1612 461 1658 in
472 1611 592 1674 Hispauii
606 1619 646 1659 ant
664 1611 743 1659 Africi
759 1629 842 1662 meru-

165 1679 243 1731 issent,
256 1684 362 1738 spectatae
371 1677 460 1724 virtutis
471 1677 560 1732 milites,
571 1685 727 1740 properantem
741 1678 766 1724 in
781 1694 840 1741 pro-

166 1742 263 1790 vinciam
271 1743 373 1804 prodigia
380 1743 482 1790 nuntiata
489 1750 556 1803 atque
565 1758 643 1790 eorum
652 1744 778 1805 procuratio
785 1743 842 1794 Ro-

167 1823 213 1855 mae
231 1815 360 1854 tenuerunt.
399 1807 439 1855 De
457 1807 517 1854 coelo
533 1815 594 1856 tacta
611 1814 675 1854 erarn
693 1808 732 1854 eia
750 1809 843 1870 publica

168 1871 240 1928 Veiis,
255 1872 330 1919 forum
347 1879 370 1919 et
384 1872 444 1920 aedes
454 1872 521 1922 Jovis
531 1871 637 1927 Lanuvii,
655 1872 764 1920 Herculis
777 1874 846 1924 aetlea

168 1937 259 1992 Ardeae,
273 1936 358 2000 Capuae
369 1953 446 1984 rnurus
460 1943 485 1984 et
497 1944 577 1992 turrea,
594 1946 617 1985 et
631 1939 700 1992 sedes,
718 1954 770 1999 quae
780 1938 853 1988 Ans

169 2002 262 2049 dicitur:
281 2003 364 2049 coelum
376 2003 453 2066 eriere
463 2003 536 2050 visum
546 2010 595 2050 erat
602 2003 703 2050 Arretii:
723 2011 785 2050 terra
791 2002 848 2052 Ve-

168 2067 224 2114 litris
233 2067 301 2114 trium
307 2068 415 2130 jugerum
427 2068 498 2129 spatio
508 2066 605 2115 caverni
613 2068 701 2130 ingenti
711 2068 844 2118 desederat:

171 2133 261 2180 Suessae
271 2132 388 2180 Auruucae
399 2132 530 2180 nuntiabant
543 2148 629 2196 agnum
643 2149 696 2180 curn
706 2133 794 2180 duobus
803 2150 852 2183 ea·

170 2198 253 2261 pitibus
265 2204 350 2251 natum,
370 2203 394 2245 et
408 2196 522 2245 Sinueasae
536 2214 629 2260 porcum
644 2199 742 2246 humano
753 2199 844 2260 ,capite-

170 2263 259 2314 Eorum
269 2262 422 2324 prodigiorum
433 2260 501 2310 causi
511 2263 642 2325 supplicatio
651 2279 722 2310 unum
733 2263 793 2310 diem
800 2265 847 2314 ha·

170 2329 231 2381 bita:
255 2334 278 2374 et
296 2327 399 2374 consules
421 2328 487 2374 rebus
505 2328 587 2375 divinia
606 2344 696 2390 operam
715 2328 845 2388 dederunt3

170 2391 306 2454 placatisque
320 2391 381 2457 Diis,
397 2391 492 2454 profecti
504 2393 527 2438 in
541 2394 668 2455 provincius
678 2401 745 2440 suntz
763 2393 855 2442 AElius-

172 2471 224 2503 curn
234 2455 262 2504 C.
275 2453 360 2504 Helvio
368 2464 464 2518 praetore
475 2458 499 2504 in
510 2457 622 2505 Gelliamz
639 2459 808 2520 exercitumque
816 2462 846 2508 ab

172 2518 203 2566 L.
214 2518 313 2567 Lentulo
324 2527 447 2583 acceptum,
464 2536 531 2582 quern
546 2523 659 2570 dimittere
671 2525 772 2578 debebat,
783 2539 848 2585 prae·

150 2631 160 2646 ·
173 2583 216 2636 tori
228 2585 331 2644 tradidit;
348 2587 396 2648 ipse
409 2586 474 2633 novis
489 2586 622 2649 legionibus,
640 2604 698 2649 quus
710 2603 789 2636 secum
805 2591 850 2636 ad-

174 2647 275 2710 duxerat,
287 2725 289 2730 ,
302 2651 385 2700 bellurn
401 2659 523 2718 gestante:
546 2667 624 2717 neque
645 2655 798 2711 memorabilis
816 2657 856 2713 rei
