1867 2925
206 127 239 179 r.
252 128 343 181 nrvn
357 128 410 179 nn.
423 130 526 180 xxxi
545 130 606 182 en.
621 129 659 180 ιι.
735 99 767 177 ἰι

99 259 185 314 suisset,
202 260 271 307 ludos
284 262 386 323 donaque
398 261 510 309 factunm
523 262 593 310 vovit.
627 252 708 309 Totiet
717 266 771 307 tate

100 323 238 436 ἱἑίιιιξιεήὲιιιιιςιιί
254 324 616 389 deeertipeeuuiivotierant:
635 325 770 389 iiprimide

129 454 162 502 X.
183 455 294 502 Omnium
309 456 388 503 animis
402 456 426 501 in
440 457 521 504 bellum
533 454 706 505 Macedonicum
716 470 768 503 ver-

95 520 134 573 tis,
147 528 250 583 repente,
266 521 322 568 nibil
331 522 406 568 minua
416 536 444 568 eo
454 530 499 569 tem
530 539 554 569 re
564 522 699 575 timentibus
711 520 769 568 Gai·

87 583 464 634 'lieitumtdtdssnmaexortaest
513 588 613 640 nsubres,
632 584 769 635 Cenomani·

94 664 146 711 qne,
165 658 190 697 et
201 649 263 704 Boii,
281 652 359 698 excitis
374 652 454 712 sulpit,
473 650 631 713 Ilvatibusque,
648 657 672 697 et
682 650 770 696 ceteri·

96 712 226 777 ligustinis
237 716 332 777 populis,
350 715 481 764 Hamilcare
495 716 569 763 Poeno
579 716 643 769 duce,
660 714 698 775 qui
709 714 732 759 in
743 713 771 759 iis

95 779 151 825 lesit
166 779 197 826 de
212 778 360 827 Hasdrubalis
370 780 470 827 exercitu
480 781 613 833 substiterat,
631 778 770 827 Placentiam

95 845 241 891 invaserant:
261 852 290 897 et,
309 842 392 906 direpti
408 847 467 898 urbe,
485 841 771 906 eeperirammagnlex

96 917 160 971 parte
180 906 281 961 incensi,
302 909 341 954 vix
360 910 445 957 duobus
463 909 560 956 millibus
578 910 693 955 bominum
712 909 771 955 inter
796 950 800 955 .

82 972 201 1019 'iubendis
216 974 335 1033 ruinasque
349 974 437 1027 relictis,
454 975 546 1035 trajecto
557 973 620 1019 Pado
635 973 664 1019 ad
675 971 771 1020 (ἔκπιο-

94 1052 149 1085 um
160 1037 307 1099 diripiendam
318 1045 422 1100 pergunt.
445 1038 535 1084 Vreinae
545 1039 606 1084 urbis
616 1029 691 1084 audrta
697 1038 771 1085 clades

95 1104 196 1165 spatium
207 1102 294 1148 colonis
308 1102 367 1149 dedit
377 1102 407 1149 ed
416 1102 548 1149 claudendas
558 1110 640 1164 portas,
658 1102 771 1164 presidia·

95 1183 141 1232 qne
156 1182 200 1229 per
218 1180 297 1212 muros
314 1166 463 1229 disponendn3
481 1174 507 1213 ut
525 1168 677 1214 obsiderentur
695 1176 770 1213 tamen

95 1234 158 1294 prius
176 1246 245 1291 quam
259 1239 447 1293 expugnarentur,
464 1233 600 1293 nuntiosque
613 1234 728 1279 mitterent
742 1232 771 1279 sd

95 1304 221 1359 praetorem
229 1295 366 1342 Romanum.
401 1295 430 1343 1.
442 1294 525 1343 Furius
536 1296 652 1359 Purpureo
660 1305 708 1343 tum
716 1310 770 1357 pro·

96 1362 182 1408 rineiae
192 1367 301 1422 praeerat:
320 1368 403 1409 'cetero
417 1376 446 1409 ex
457 1362 661 1409 senatus-consulto
671 1362 771 1408 exercitu

96 1426 200 1481 diruiseo,
217 1432 300 1488 praeter
315 1426 412 1488 quinque
425 1427 494 1474 millia
509 1427 594 1474 socium
604 1441 631 1474 ac
642 1425 719 1474 huni
728 1440 771 1474 no·

98 1492 175 1546 minis,
194 1506 247 1538 eum
261 1492 289 1537 iis
302 1492 371 1553 copiis
386 1492 408 1538 in
422 1490 524 1555 prnrdmi
540 1493 633 1555 regione
648 1489 771 1554 provincio

95 1557 157 1604 niret
168 1555 300 1603 Ariminum
311 1557 444 1604 substiterat.
480 1555 506 1604 Is
519 1563 567 1604 tum
578 1558 664 1605 senatui
674 1556 769 1618 scripsit,

96 1637 142 1682 quo
153 1623 181 1668 in
195 1621 295 1670 tumultu
308 1623 422 1683 provincie
436 1629 509 1669 essa:
529 1630 544 1652 ⁸⁴
553 1621 657 1669 Duarum
672 1622 771 1668 colonia·

97 1701 157 1740 rum,
178 1701 230 1746 quae
246 1685 360 1747 ingentem
376 1687 436 1734 illam
451 1694 605 1750 tenpestatem
623 1685 704 1733 Punici
719 1685 772 1733 batt

97 1749 296 1812 ntbterfirgissent,
314 1752 405 1798 alteram
420 1759 508 1814 captent
522 1767 549 1798 ae
562 1752 669 1814 direptum
680 1752 708 1798 ab
718 1752 772 1798 bos·

97 1817 168 1870 tibus,
185 1815 278 1862 alteram
292 1817 431 1878 oppugnari:
452 1832 495 1864 nee
510 1817 534 1863 in
550 1819 649 1863 exercitu
663 1832 705 1862 suo
718 1815 772 1862 setis

98 1879 199 1944 p'raesidii
212 1880 298 1926 colonis
308 1881 455 1928 laborantibus
465 1881 521 1936 inre,
538 1883 581 1928 nisi
591 1882 689 1942 quinque
703 1880 773 1929 millis
796 1925 799 1931 .

98 1945 190 1994 ocium
209 1945 354 2008 qnadraginta
372 1947 467 1992 millibus
486 1947 584 1994 bostium
604 1947 650 2009 (tot
668 1946 728 1992 enim
747 1946 771 1992 in

99 2010 171 2056 armis
190 2007 251 2069 esse)
271 2009 400 2058 trucidanda
418 2012 512 2074 obruere
530 2011 591 2064 velit,
608 2019 631 2058 et
649 2008 712 2057 tanti
729 2007 771 2057 sud

99 2075 185 2122 elade'
174 2089 223 2136 Jam
238 2073 328 2122 inflatos
342 2028 452 2122 eurnridioJ
454 2077 549 2123 colonie
563 2076 674 2124 Romane
688 2088 772 2138 augere

100 2139 201 2186 bostium
212 2138 325 2186 animos.'’

135 2202 184 2250 xl.
202 2203 250 2250 His
263 2205 333 2251 literis
348 2205 451 2260 recitatis,
469 2207 621 2260 deereveiunt,
637 2213 664 2253 ut
678 2203 707 2254 C·
721 2204 772 2251 Au·

101 2269 171 2316 relius
187 2269 267 2320 consul
281 2270 410 2324 exercitm,
428 2271 463 2318 eui
478 2272 502 2316 in
517 2271 631 2318 Etruriam
645 2270 674 2316 ad
689 2281 774 2315 conse-

101 2328 223 2381 tiendum
229 2334 288 2381 diem
307 2336 411 2389 edixerat,
429 2337 527 2383 Arimini
545 2334 621 2382 eidem
640 2335 677 2380 die
694 2332 773 2379 adesse

97 2397 195 2466 juberet,
217 2405 242 2446 et
259 2407 299 2447 eut
316 2399 370 2462 ipse,
392 2401 468 2462 siper
486 2401 628 2448 eommodum
647 2395 774 2458 reipublice
807 2420 810 2426 ,

101 2469 187 2540 pbstet,
204 2465 233 2511 ad
249 2481 263 2510 o
264 2465 417 2526 pprim'entlum
436 2465 549 2513 Gallicum
565 2462 689 2508 tumultum
704 2458 774 2521 proti·

102 2530 237 2586 timeretur}
254 2535 294 2576 aut
308 2527 338 2576 L
352 2521 422 2576 Furio
436 2529 529 2592 praetori
544 2527 655 2598 scriberet,
671 2529 705 2576 ut,
722 2531 775 2566 urm

103 2590 154 2640 dd
141 2604 194 2640 eum
205 2594 317 2670 legiones
317 2607 347 2640 ex
349 2593 455 2640 Etnuit
457 2588 580 2664 venissent,
591 2584 697 2630 m¹⁸⁸¹⁸l¹¹
704 2585 776 2629 *istm

104 2657 181 2708 mini
189 2658 289 2720 quinque
296 2658 393 2706 millibus
401 2658 521 2708 sociorum,
533 2651 572 2714 qui
577 2647 676 2695 interim
678 2645 777 2694 Eumne
