1867 2925
222 128 252 178 Τ.
266 128 357 179 LIVII
372 128 426 181 Ln.
440 130 542 184 XXXI·
561 131 675 185 Cor-'49-
754 141 787 187 49

112 260 245 324 oportuerit,
256 268 296 308 eut
304 269 407 309 senatum
417 261 530 325 pensinae,
540 264 579 326 qui
589 266 712 313 exereitum
726 280 787 329 prro·

112 328 154 373 tori
165 326 260 379 dederit,
274 328 386 389 (potuisse
395 330 463 382 enim,
475 330 495 375 si
505 344 551 376 non
561 346 614 379 eum
624 332 734 393 pretorio,
746 333 786 379 sed

110 392 214 445 eonsulis,
227 392 329 439 esseroitu
338 408 385 439 rem
396 394 446 454 geri
452 394 555 448 voluerit,
567 396 600 442 its
608 394 672 443 linire
682 398 786 445 matus-

15 488 17 509 .
109 456 248 509 consultum,
259 470 289 502 ne
299 473 339 519 per
349 465 478 519 pretorem,
495 460 535 505 sed
547 474 588 521 per
602 462 725 517 consulem,
742 478 784 524 go-

106 519 205 581 teretur)
217 528 259 568 aut
275 524 398 575 consulem,
418 524 459 583 qui
475 538 531 578 non,
547 540 599 571 cum
616 527 739 573 exercitum
753 542 784 574 ex

106 584 200 633 Etruria
220 587 318 633 transire
334 587 357 632 in
375 588 473 635 Galliam
486 589 599 651 jussisset,
619 591 668 652 ipse
686 591 784 644 Arimini

106 652 239 705 ooeurrerit,
251 659 278 698 ut
288 650 347 698 bello
356 652 481 706 interesset,
497 654 558 715 quod
574 655 623 702 sine
639 670 667 703 eo
683 656 731 717 geri
748 655 783 703 sus

104 730 151 762 non
161 724 233 763 esset.
270 715 328 762 Non
342 726 471 779 exspectare
482 718 534 765 belli
549 726 650 782 tenpore
668 735 743 767 mores
758 729 782 770 et

103 781 226 828 dilationes
241 782 416 843 imperatorumr
439 790 463 829 et
480 784 625 846 pugnandum
644 801 695 833 esse
711 786 782 833 inter-

104 846 166 900 dum,
179 860 229 892 nou
240 846 294 906 quis
302 846 363 900 velis,
376 848 553 908 sedquialrostis
563 857 638 911 cogat.
674 849 779 912 Pugnam

104 911 176 972 ipsam
196 919 351 972 eventumque
369 928 452 975 pugnae
472 915 566 974 spectari
582 921 697 975 oportere:
715 915 780 971 fusos

103 990 223 1036 exesosque
238 974 331 1023 hostes:
350 984 422 1023 eastra
435 987 501 1040 capta
514 994 541 1025 ac
551 979 649 1040 direpta:
669 979 779 1027 coloniam

102 1038 221 1088 liberatam
232 1041 363 1087 obsidione:
382 1042 473 1089 alterius
485 1044 580 1091 eoloniae
597 1045 698 1105 captivos
714 1060 779 1091 reeu-

101 1114 194 1167 peratos
216 1106 377 1167 restitutosque
397 1107 458 1153 suis:
485 1108 617 1155 debellatum
635 1124 682 1156 uno
697 1110 777 1172 proelio

101 1186 160 1216 esse.
197 1168 256 1217 Non
273 1171 374 1217 homines
388 1179 476 1218 lantum
489 1170 516 1219 eri
526 1171 620 1220 victorii
629 1174 724 1229 leutos,
737 1177 777 1223 sed

15 1262 17 1291 ς
100 1234 156 1281 Diis
167 1250 261 1295 quoque
271 1235 432 1282 immortalibus
446 1252 487 1298 per
497 1238 596 1283 triduum
604 1239 777 1300 supplicationes

99 1300 195 1354 habitas,
218 1298 278 1359 quod
296 1300 353 1345 bene
372 1315 398 1346 ac
416 1299 517 1353 feliciter,
537 1316 583 1348 non
600 1304 660 1363 quod
675 1304 734 1351 male
749 1322 776 1353 ae

99 1370 194 1417 temere,
214 1378 251 1410 ree
264 1364 375 1425 publicas
391 1363 419 1410 L.
435 1364 506 1411 Furio
520 1373 617 1427 pretore
630 1376 696 1429 geste
705 1378 774 1417 esset.

99 1426 164 1476 Data
174 1428 224 1477 lato
235 1430 303 1476 etiam
315 1429 410 1490 quodam
422 1428 499 1478 Furiae
509 1431 573 1494 genti
582 1431 670 1480 Gallica
679 1433 763 1482 bella.¹’
773 1479 777 1486 ,

100 1535 106 1546 ,
133 1494 234 1541 XLIX.
254 1493 332 1557 Hujus
348 1497 437 1558 generis
453 1497 589 1544 orationibus
605 1499 675 1559 ipsius
690 1500 775 1548 amico·

98 1571 203 1620 rumque,
216 1560 278 1606 victu
287 1568 328 1614 est,
344 1561 461 1622 praesentis
472 1559 545 1623 gratii
554 1563 663 1624 praetoris,
675 1564 773 1614 absentis

97 1625 199 1671 consulis
216 1626 337 1687 majestus;
354 1626 536 1687 triumphumque
545 1627 672 1689 frequentes
683 1628 712 1676 L
725 1629 773 1689 Fu7

97 1691 131 1736 rio
139 1690 296 1736 decreverunt
326 1689 484 1753 Triumphauit
491 1691 520 1738 de
528 1693 601 1739 Gallis
608 1694 632 1739 in
639 1696 772 1757 magistratu

98 1753 127 1800 L.
139 1753 226 1801 Furius
236 1762 326 1816 praetor.
363 1754 392 1801 ln
403 1757 506 1802 aerorirnn
517 1757 568 1804 tulit
578 1766 678 1806 tresents
690 1760 774 1822 viginti

95 1819 168 1868 millia
178 1820 238 1874 aeris,
251 1820 338 1882 argenti
347 1829 436 1867 centurn
448 1823 590 1884 septuaginta
598 1824 668 1870 millia
678 1825 767 1886 pondo:

95 1898 171 1946 noque
186 1886 270 1947 captivi
285 1886 323 1932 ulli
342 1893 395 1932 ante
415 1902 506 1932 currum
525 1888 592 1942 ducti,
612 1903 685 1949 neque
701 1890 773 1952 spolie

96 1950 197 2010 prelato,
217 1965 290 2011 neque
307 1951 389 1998 milites
406 1952 491 1998 secuti:
509 1953 592 2006 omnis,
604 1961 686 2015 praeter
697 1955 772 2002 vieto-

95 2017 771 2143 lfffflnffillttlllliltlllltAllllll:
830 2088 834 2097 ¹

96 2159 180 2206 magno
195 2153 303 2208 apparatu
314 2145 375 2194 sacti.
410 2146 444 2193 Et
455 2147 483 2193 (le
493 2147 554 2208 agris
564 2148 659 2194 militum
670 2150 718 2212 ejus
729 2150 771 2203 deff
796 2185 805 2197 a

95 2219 186 2264 eretum,
207 2217 239 2262 ut,
260 2219 316 2271 quot
334 2212 428 2273 quisque
446 2228 524 2258 eorum
539 2227 610 2259 annos
620 2214 644 2258 in
656 2211 770 2274 Hispani&

95 2275 165 2322 autin
176 2272 257 2322 Africa
267 2273 390 2330 militisset,
402 2277 426 2321 in
437 2277 539 2339 singulos
549 2292 620 2324 aornos
628 2277 680 2324 bins
685 2279 769 2340 jugera

95 2339 217 2402 recuperet:
236 2356 289 2391 eum
300 2356 380 2404 agrum
396 2341 516 2388 decemviri
531 2343 678 2404 assignarent
713 2341 787 2390 Tru,

96 2405 176 2452 umviri
189 2405 243 2454 inde
258 2407 326 2454 creati
337 2406 365 2453 ad
377 2407 522 2469 supplendum
534 2406 659 2452 Venusinis
674 2406 768 2454 colono-

97 2483 145 2516 rum
155 2483 283 2524 numerum,
292 2471 353 2532 quod
363 2471 422 2518 bello
430 2471 565 2518 Hannibalis
575 2477 697 2516 attenuatae
707 2473 768 2518 sires

110 2535 143 2580 'us
153 2535 249 2582 coloniae
260 2543 331 2590 mant,
347 2534 375 2584 C.
386 2536 507 2584 Terentius
518 2534 601 2585 Varro,
616 2531 646 2578 T·
656 2532 768 2606 §nntius

96 2545 244 2654 inmanium,
257 2599 285 2646 P.
298 2598 418 2648 Cornelius
430 2599 476 2654 Cn.
487 2598 515 2646 F·
530 2596 622 2656 Scipioss
640 2595 663 2639 11¹
673 2597 767 2643 colono·

97 2661 219 2726 Uenusiam
226 2665 400 2728 adscripserunt.
434 2664 595 2770 Eodenranno
607 2655 635 2706 (l
648 2655 769 2706 Cornelius

125 2743 177 2776 ror.
191 2743 224 2777 ιτ.
399 2765 401 2768 .
