1867 2925
146 139 151 147 '
192 161 224 213 u.
238 158 326 211 mvn
342 158 396 211 aa
410 156 551 210 xxxvn.
571 157 632 211 cn.
645 162 686 209 ao.
731 161 784 213 aar!

104 294 188 345 aciem,
206 304 288 338 cornua
303 290 381 339 Latin
396 297 530 337 tenuerunt:
556 290 694 337 hastatorum
710 289 782 352 prima

105 360 183 420 signa,
196 357 273 403 deinde
281 356 407 418 principum
418 362 492 402 erant:
509 356 577 401 triarii
585 362 711 417 postremos
719 355 781 403 clari-

106 423 199 469 debant.
232 421 305 467 Extra
324 423 382 467 bane
401 420 470 467 veluti
484 422 570 483 justam
589 420 666 474 aciem,
686 436 700 465 a
718 426 781 481 prate

107 483 201 533 dexteri
211 487 288 532 consul
297 486 435 532 Achaeorum
445 486 534 531 cetratis
542 485 656 531 immixtos
664 485 782 531 auxiliares

108 550 226 604 Eumenis,
246 552 291 597 tria
306 551 375 597 millia
390 550 460 596 ferme
476 550 582 612 peditum,
604 546 692 609 aequati
707 548 782 596 fronte

105 616 226 664 instruxit:
246 616 306 661 ultra
319 632 358 661 eos
373 615 472 675 equitum
489 616 563 661 minus
577 616 619 661 tria
632 614 701 660 millia
711 630 782 675 oppo-

106 681 167 737 auit3
183 694 213 726 ex
228 681 310 739 quibus
324 680 434 727 Eumenia
450 680 582 741 octingenti,
599 679 696 739 reliquus
709 679 783 725 omnis

105 746 221 805 equitatus
237 744 356 791 Romanus
371 752 431 791 erat:
454 753 566 791 extremos
583 744 670 791 Tralles
686 742 783 793 et-Cre·
804 754 806 761 ’

106 818 186 857 tenses
206 810 391 873 (quingentorum
412 810 499 869 utrique
518 823 635 857 nnmerum
652 806 782 870 explebant)

108 875 195 921 statuit.
230 874 328 921 Laevum
343 890 413 921 cornu
429 889 475 921 non
491 875 605 921 videbatur
619 890 687 935 egere
703 874 783 920 talibus

108 938 205 991 auxiliis,
227 940 279 999 quia
297 939 381 985 llumen
400 941 427 985 ab
445 937 473 985 eri
491 948 554 1001 parte
569 940 667 1001 ripaeque
683 938 784 1000 deruptas
853 944 856 953 '

108 1004 255 1058 claudebant:
274 1012 371 1063 quatuor
385 1013 460 1055 tamen
476 1004 527 1050 inde
539 1012 620 1051 tunnae
631 1004 731 1064 equitum
743 1018 785 1064 op·

108 1068 199 1131 positae.
221 1067 288 1119 ‚Hae
299 1083 387 1120 summa
397 1070 510 1129 copiarum
522 1078 569 1115 erat
574 1068 695 1121 Romanis,
708 1075 731 1115 et
739 1067 784 1115 duo

109 1133 181 1179 millia
196 1133 318 1182 mixtorum
335 1132 488 1181 Macedonum
505 1132 670 1195 Tbmeumque,
689 1134 726 1195 qui
742 1147 784 1181 vo-

109 1199 198 1244 luntate
209 1197 278 1243 secuti
289 1204 359 1243 erant
391 1196 424 1243 Hi
435 1198 539 1258 praesidio
550 1199 620 1245 relicti
633 1206 685 1247 sunt
695 1199 781 1246 castris.

111 1262 231 1309 sexdecim
246 1262 376 1322 elephantos
391 1270 443 1323 post
456 1263 543 1308 triarios
553 1264 576 1307 in
589 1262 785 1309 subsidiolocave-

110 1333 176 1373 runt:
194 1341 253 1379 nam,
266 1327 486 1387 praeterquamquod
497 1327 661 1375 multitudinem
671 1328 784 1388 regiorum
801 1356 810 1373 .

109 1391 281 1452 elephantorum
297 1392 372 1453 (erant
386 1400 461 1438 autem
472 1399 568 1452 quatuor
579 1400 602 1438 et
613 1388 784 1452 quinquaginta)

109 1457 223 1511 stmtinere
234 1470 280 1502 non
295 1456 425 1503 videbantur
439 1473 514 1519 posse,
532 1473 561 1504 ne
575 1458 621 1519 pari
637 1456 727 1516 quidem
742 1471 785 1504 nu-

109 1537 175 1577 mero
186 1519 272 1567 Indicis
284 1520 354 1567 Africi
366 1522 485 1578 resistunt;
504 1523 551 1569 sive
561 1523 613 1582 quia
623 1522 786 1584 magnitudine·

107 1588 194 1650 (longe
204 1587 264 1633 enim
275 1587 308 1632 illi
317 1584 436 1648 praestant)
452 1587 499 1635 sive
510 1589 589 1636 robore
599 1588 723 1635 animorum
735 1587 785 1635 vin-

109 1658 204 1699 cuntur.
258 1684 261 1688 -
290 1681 294 1688 -
542 1684 544 1688 .
782 1681 786 1686 -

145 1715 202 1763 XL.
220 1715 296 1779 Regia
306 1717 364 1764 acies
375 1717 436 1764 vana
446 1719 518 1780 magis
529 1718 605 1765 multis
615 1718 727 1780 gentibus,
740 1717 785 1764 dis·

110 1781 258 1835 similitudine
276 1797 389 1828 armorum
407 1783 583 1843 auxiliorumque
602 1790 656 1828 erat.
696 1782 786 1830 Decem

110 1854 136 1894 et
145 1861 188 1894 aex
199 1846 269 1892 millia
278 1847 377 1908 peditum
388 1863 451 1894 more
461 1847 614 1894 Macedonum
626 1847 704 1892 armati
714 1843 785 1899 fuere,

110 1910 155 1972 qui·
169 1911 306 1972 phalangitae
320 1912 496 1973 appellabantur:
519 1913 567 1958 haec
584 1911 657 1958 media
670 1911 729 1958 acies
743 1911 788 1974 ¹fuit

112 1978 137 2023 in
147 1975 232 2030 fronte,
247 1977 271 2022 in
286 1977 363 2023 decem
373 1984 447 2038 partes
458 1976 535 2022 divisa.
557 2012 559 2019 Α
572 1974 651 2022 Partes
666 1991 703 2023 eas
717 1976 788 2024 inter-

112 2041 195 2103 positis
207 2040 263 2086 binis
273 2041 395 2102 elephantis
408 2042 570 2102 distinguebat:
590 2055 604 2086 a
617 2040 692 2089 fronte
705 2042 787 2088 intror-

113 2121 155 2152 sus
165 2106 190 2151 in
201 2105 257 2152 duos
268 2114 292 2151 et
301 2105 394 2167 triginta
404 2106 493 2152 ordines
503 2113 639 2152 armatorum
654 2107 713 2154 acies
725 2107 789 2168 pate-

113 2172 167 2218 bat:
186 2171 230 2216 hoc
244 2179 268 2216 et
283 2171 367 2216 roboris
381 2171 405 2216 in
417 2171 484 2232 regiis
496 2171 564 2232 copiis
576 2177 638 2229 crat;
654 2180 679 2217 et
688 2171 786 2234 perinde,

113 2249 168 2282 cum
178 2233 223 2281 aliti
234 2235 313 2296 specie,
329 2243 377 2280 tum
388 2235 536 2282 eminentibus
548 2243 634 2282 tantum
645 2237 704 2282 inter
715 2250 790 2282 arma·

112 2305 152 2347 tos
159 2300 290 2360 elepbamm
302 2315 409 2361 magnum
419 2307 525 2346 terrorem
534 2301 652 2362 praebebat.
678 2299 788 2361 Ingentes

112 2364 158 2425 ipsi
170 2371 248 2410 erant:
269 2365 378 2410 addebant
393 2365 488 2425 speciem
502 2365 612 2417 frontalia,
629 2371 652 2410 et
667 2365 748 2416 cristae,
759 2369 789 2410 'et

112 2436 181 2491 tergo
192 2428 302 2489 impositae
313 2436 392 2481 turres,
404 2429 544 2489 turribusque
555 2433 713 2488 superstantes,
728 2441 788 2488 prae-

112 2500 151 2540 ter
166 2498 284 2546 rectorem,
303 2493 405 2552 quaterni
420 2493 506 2538 armati.
542 2491 580 2538 Ad
596 2491 654 2536 latus
670 2490 788 2538 dexterum

111 2557 293 2619 plralangitarum
304 2557 366 2602 mille
376 2563 399 2603 et
409 2557 546 2618 quingentos
561 2555 647 2613 equites
658 2554 788 2616 Gallograe-

111 2634 194 2672 mrum
209 2622 326 2682 opponrit:
346 2621 381 2666 hia
395 2621 445 2674 tria
451 2619 521 2666 millia
533 2617 633 2677 equitum
643 2617 787 2664 loricatorum

110 2685 282 2748 (mamm
296 2685 339 2748 ipsi
351 2681 475 2757 appeunt)
490 2681 604 2746 arjmnn
623 2681 699 2731 unta
708 2683 744 2730 aa
753 2680 789 2731 ua
