1867 2925
160 142 234 209 1122!
253 138 383 191 uurvn
400 140 453 192 ns.
466 142 593 191 xxxnr.
614 142 674 193 css.
690 147 743 191 rof

159 266 247 320 Perae'ae
265 270 395 337 recipiendis
413 282 502 338 tempus
519 276 606 321 teritur.
647 272 740 319 Interim
758 270 829 319 animi

158 348 244 389 eurum,
267 340 304 400 qui
321 340 482 387 Stratoniceam
501 340 604 401 praesidio
620 338 753 390 obtinebant,
771 352 830 383 con-

159 400 240 448 drmtti
251 412 316 450 sunt:
335 419 390 450 mox
399 412 423 450 et
433 404 570 452 Dinocrates
581 418 631 450 curu
643 403 676 455 iis,
688 416 738 463 quae
746 402 838 463 proelio.

159 477 295 527 supererant,
305 469 375 531 copiis
385 469 476 515 intravit
489 484 572 515 muros.
607 467 763 527 Nequidquam
774 466 828 513 inde

159 530 250 579 comm
261 540 431 595 oppugnataque
443 535 495 579 urbs
505 541 554 580 est:
574 532 648 593 recipi,
660 532 701 577 nisi
712 530 828 591 aliquanto

158 602 218 657 post,
227 613 268 658 per
275 598 413 643 Antiochum
426 612 471 643 non
482 598 561 659 potuit
597 596 691 643 Haecin
699 592 826 647 Thessalii,

158 660 208 706 haec
219 661 242 707 iu
254 660 348 716 Achaiai,
360 662 409 709 haec
418 662 444 707 in
455 660 519 720 Arii,
536 678 576 724 per
590 662 680 707 eosdem
695 659 742 705 dies
753 658 826 705 ferme

160 740 263 835 8ΧΙΧ.
282 788 399 853 Philippus
415 808 467 838 cum
482 788 586 843 audisset,
605 789 731 841 Dardanos,
749 796 827 835 traus-

157 868 248 914 gressos
264 854 321 901 fines
335 858 363 902 uh
372 864 486 903 contemtu
498 856 600 903 concussi
610 862 658 900 turn
669 853 741 915 regni,
756 868 827 915 supe-

157 918 216 965 riora'
225 918 368 967 Macedoniae
383 929 491 975 mustene,
506 921 607 981 quamvis
623 926 671 965 toto
685 932 754 979 prope
771 919 836 969 orbe,
929 961 934 968 ,.

155 990 272 1038 terrarum,
286 984 384 1045 undique
392 1001 417 1031 se
426 1001 522 1045 suosque
532 984 665 1045 profligante
675 979 773 1035 fortunii,
787 998 836 1034 urs

153 1048 254 1107 gebatur,
267 1057 341 1094 tamen
352 1057 425 1095 morte
432 1050 517 1095 tristius
526 1056 593 1103 ratus,
606 1047 747 1094 Macedoniae
755 1046 825 1093 etiam
931 1087 933 1100 ι

154 1112 297 1171 possessione
306 1114 364 1173 pelli,
377 1113 463 1159 delectu
480 1115 559 1174 raptim
575 1128 615 1174 per
631 1112 696 1158 urbes
711 1110 825 1159 Macedo·
925 1142 933 1153 .

154 1189 209 1219 mun
220 1176 302 1227 habito,
318 1192 369 1222 cum
387 1192 427 1223 sex
441 1178 538 1223 millibus
549 1176 648 1238 pediturn
659 1183 682 1223 et
692 1175 825 1235 quingentis

154 1239 271 1299 equitibus,
283 1242 341 1286 circa
352 1242 434 1286 Stobos
441 1239 548 1293 Paeoniae,
560 1241 681 1301 improviso
692 1240 769 1283 hostes
780 1254 823 1300 op-
931 1293 934 1302 ,

153 1304 240 1364 prossit
276 1304 365 1364 Magna
374 1304 494 1349 multitudo
505 1304 620 1349 hominurn
634 1304 656 1347 in
669 1301 755 1363 proelio,
772 1318 824 1352 me-
845 1350 847 1360 ,
923 1342 931 1359 ,,

148 1369 188 1429 jor
197 1368 310 1429 praedandi
318 1368 421 1429 cupidine
427 1367 500 1429 palata
507 1384 547 1429 per
557 1382 624 1429 agros
635 1382 693 1413 caesa
703 1374 751 1413 est:
770 1368 823 1427 qui·

125 1487 132 1498 Ι
152 1432 195 1478 bus
213 1431 268 1494 fugo
286 1432 409 1493 expeditior
427 1431 477 1486 luit,
501 1448 530 1480 ne
549 1438 634 1478 tentato
655 1429 744 1493 quidem
764 1446 822 1480 casu

151 1511 243 1558 pugnae,
258 1499 282 1542 in
292 1497 349 1542 fines
358 1511 412 1542 suos
422 1497 541 1543 redieruut.
557 1537 559 1542 .
576 1495 613 1543 Ea
623 1494 667 1542 uni
678 1495 823 1556 expeditione

151 1575 198 1605 non
208 1576 250 1621 pro
261 1561 346 1620 reliquo
356 1570 416 1607 stetu
430 1561 527 1608 fortunae
543 1559 609 1614 lacti,
627 1560 717 1606 refectis
726 1575 820 1608 suorum

151 1624 238 1676 animis,
258 1624 442 1672 Thessalonicam
463 1641 512 1672 sese
531 1625 620 1686 recepit.
655 1624 709 1670 Non
729 1631 775 1670 tam
794 1627 821 1672 in

149 1696 251 1750 tmpore
261 1687 371 1735 Punicum
379 1690 462 1737 bellurn
473 1691 614 1736 terminatum
631 1696 685 1743 erat,
705 1702 734 1736 ne
750 1690 820 1743 simul

150 1760 174 1798 et
188 1766 239 1799 cum
256 1751 359 1814 Philippo
373 1753 432 1800 foret
448 1754 588 1800 bellandum·
607 1769 673 1814 quam
685 1761 819 1815 opportune,

144 1819 193 1878 jam
204 1819 319 1864 Antiocho
329 1819 353 1863 in
360 1817 428 1879 Syriai
437 1819 543 1865 moliente
552 1787 642 1871 bellum,
656 1817 772 1880 Philippus
782 1827 823 1867 est.

148 1891 279 1943 superatus:
298 1897 357 1936 nam,
369 1882 588 1945 praeterquamquod
602 1882 688 1928 facilius
704 1895 755 1928 cum
769 1883 821 1929 sin-

147 1947 215 2007 gulis,
227 1962 293 2007 quarn
302 1948 321 1992 si
332 1949 355 1993 in
364 1963 433 1992 unum
444 1949 509 1994 ambo
518 1948 584 1994 simul
591 1948 737 1993 contulissent
746 1948 818 2003 vires,

147 2011 252 2056 bellatum
274 2020 325 2068 ett;
349 2011 459 2073 Hispania
477 2027 565 2074 quoque
584 2013 625 2058 sub
645 2011 703 2057 idem
726 2019 819 2072 ternpus

147 2089 231 2136 magno
246 2075 343 2122 tumultu
358 2077 387 2122 ad
400 2077 482 2122 bellurn
500 2077 646 2123 consurrexit.
686 2076 818 2125 Antiochus

133 2154 204 2192 acum,
216 2140 290 2201 priore
297 2149 376 2187 aestate
385 2141 494 2194 omnibus,
504 2156 554 2201 quoe
564 2142 588 2186 in
600 2138 743 2200 Coele-syrii
751 2149 815 2196 sunt,
828 2193 831 2198 Δ

144 2204 271 2255 civitatibus
282 2204 401 2252 Ptolemaei
411 2206 435 2251 in
446 2221 508 2252 suam
519 2212 652 2267 potestatem
669 2205 770 2258 redactis,
789 2208 816 2254 in

100 2324 102 2327 Ι
143 2268 235 2320 hiberna
254 2270 396 2316 Antiochiam
415 2271 578 2327 concessissem
602 2270 670 2316 nihilo
692 2267 818 2330 quietiores

143 2341 222 2394 postea
236 2350 272 2381 res
289 2335 376 2381 habuit:
396 2335 498 2380 omnihus
509 2335 568 2382 enim
580 2335 644 2396 regni
658 2334 740 2388 viribus
756 2350 816 2396 con.

143 2398 212 2452 nisus,
232 2414 284 2445 cum
298 2400 401 2461 ingentes
420 2399 494 2461 copias
511 2407 626 2447 terrestres
645 2399 829 2460 maritimasque·

140 2462 302 2523 comperissem
313 2465 421 2526 principio
433 2465 498 2517 veris,
511 2465 631 2527 praemissis
640 2460 699 2512 tent
709 2478 760 2512 cum
769 2479 814 2511 ex-

140 2526 210 2572 ercitu
225 2527 277 2587 liliis
293 2529 385 2583 duobus,
404 2528 483 2589 Ardye
499 2545 525 2580 ac
540 2529 678 2583 Mithridate,
693 2528 829 2590 jtrssisque,
924 2543 934 2566 1·

139 2588 245 2637 Sardibus
256 2608 280 2639 se
290 2594 399 2654 opperiri3
415 2593 463 2654 ipse
474 2609 526 2640 cum
540 2595 611 2642 classe
628 2601 717 2642 centum
736 2599 813 2641 tecta-
926 2606 932 2615 '¹

136 2667 187 2705 111111·
200 2656 298 2711 navium,
310 2659 342 2705 td
358 2659 402 2706 huc
418 2658 538 2707 levioribus
553 2659 648 2722 navigiis
664 2659 826 2730 cercurisque⁴

15 2777 56 2848 ι
122 2810 128 2818 ,
