1867 2925
191 145 220 196 Τ.
235 143 324 194 LlVlI
339 143 393 194 Lm·
407 142 560 194 xxxvut
580 143 640 194 cas.
653 151 695 194 stt
734 147 783 203 887

110 289 218 334 murum
234 273 309 332 alteri,
326 277 479 339 eruptionibus
495 276 580 330 subitis,
599 290 659 323 nunc
676 278 701 323 io
716 291 786 340 open

110 343 218 396 boatium,
236 355 295 394 onoc
309 342 332 388 in
348 342 468 388 stationes:
488 349 511 387 et
521 342 785 404 plemmqueiisproellis

110 408 236 469 superiores
250 415 318 454 crant.
356 405 411 453 Una
425 406 453 452 ad
470 407 605 453 coercendos
619 407 711 454 inventa
725 407 785 454 baud

110 485 196 534 magns
203 478 326 518 memoratu
335 485 370 516 res
378 479 419 518 est.
441 469 540 520 Centum
547 471 671 518 funditores
678 473 706 518 ab
712 470 785 535 AEgin

109 544 134 584 et
146 535 219 584 Patris
229 544 252 583 et
260 535 347 598 Dymis
359 536 431 582 acciti.
460 538 483 582 Α
493 537 568 596 pueris
579 537 601 590 ii,
613 552 676 583 more
686 537 783 596 quodam

109 601 192 663 gentis
210 602 270 648 sanis
285 602 391 662 globosis,
409 602 488 661 quibus
501 600 572 648 imme
586 615 659 647 aronae
676 602 786 648 immixtis

109 673 179 712 strata
195 667 263 712 litora
279 673 338 718 aunt,
355 664 425 712 sunda
443 681 505 713 mare
520 674 621 726 apertum
638 666 783 719 incessentes,

109 732 283 778 exercebantur:
303 731 377 790 itaque
392 731 482 792 longius
497 731 624 790 certiusque
638 739 661 776 et
679 731 785 778 validiore

108 796 164 848 ictu,
182 811 249 855 quam
261 793 361 842 Balearis
371 795 477 849 funditor,
490 811 518 842 eo
528 796 574 841 telo
585 797 619 841 usi
630 803 696 841 runt:
716 803 739 842 et
750 803 786 842 est

109 871 158 906 aron
172 861 278 922 simplicis
293 855 392 914 habenae,
411 868 435 906 ut
447 859 562 907 Balearica
577 861 712 920 aliarumque
726 873 785 922 geu-

108 925 167 970 tium
178 924 261 972 funda:
282 925 320 971 scd
332 925 412 986 triplex
423 922 514 977 scutale,
531 926 613 972 crebris
624 926 706 972 suturis
717 925 784 972 dura·

109 996 167 1042 tum,
185 1003 215 1036 ne
226 989 287 1036 fluxi
300 988 385 1036 babenti
398 989 513 1036 volutetur
527 990 550 1034 in
560 992 624 1052 Jactn
638 990 717 1051 glaoa3
736 991 782 1045 sed,

109 1054 191 1100 librata
209 1067 261 1100 cum
281 1053 369 1107 sederit,
394 1055 454 1101 velut
474 1068 544 1101 nervo
562 1055 630 1101 missa
649 1055 782 1102 excutiatur.

108 1116 214 1166 Gorcnm
228 1119 310 1166 modici
324 1119 400 1166 circuli
415 1133 499 1180 magno
512 1134 542 1165 ax
555 1117 673 1166 intervallo
688 1119 731 1166 loci
747 1133 784 1166 as·

110 1183 170 1230 sueti
182 1184 289 1244 trajicere,
299 1197 344 1229 non
356 1185 427 1245 capita
438 1185 511 1230 solum
521 1186 619 1230 boatium
630 1185 784 1238 vulnerabant.

109 1247 151 1294 ted
165 1261 232 1308 quem
250 1249 324 1294 locum
342 1247 490 1295 destindssent
505 1249 556 1295 oris.
592 1249 636 1295 Eae
649 1249 726 1294 fundae
742 1249 784 1302 Sa-

108 1324 182 1362 maeos
193 1313 345 1366 cohibuerunt.
364 1328 393 1359 ne
403 1321 448 1360 tam
460 1315 545 1366 crebro,
557 1327 615 1360 neve
623 1320 669 1358 tam
681 1314 786 1360 audacter

108 1385 266 1438 :compereram
285 1378 339 1424 adeo
355 1385 380 1422 ut
393 1386 536 1438 precarentur
550 1390 580 1424 ex
594 1379 663 1424 muris
676 1378 782 1432 Achaeos,

106 1449 137 1489 ut
153 1454 271 1503 parumper
286 1441 443 1500 abscederent;
460 1450 484 1489 et
499 1459 530 1497 se,
548 1458 599 1489 curn
610 1443 722 1490 Romanis
737 1449 784 1489 sta-

108 1508 208 1555 tionibus
218 1516 352 1569 pugnantes,
361 1509 437 1568 qnictc
447 1516 580 1569 spectarent.
607 1506 711 1561 Qnatuor
719 1522 784 1554 men-

106 1584 146 1619 ses
157 1572 294 1619 obsidionem
307 1574 374 1619 Same
385 1574 497 1633 sustinuit.
528 1571 588 1620 Cum
599 1586 628 1619 ex
639 1574 715 1635 paucis
725 1583 783 1634 quo-

108 1637 163 1683 tidie
171 1637 237 1698 aliqui
250 1638 450 1691 commodarent,
463 1646 502 1685 ant
512 1638 689 1693 vulnerarentur,
701 1646 731 1693 et,
744 1640 783 1700 qui

106 1709 247 1763 superarent,
264 1702 318 1750 sessi
329 1710 352 1749 et
363 1704 492 1765 corporibus
501 1711 525 1749 et
535 1704 614 1750 animis
625 1712 714 1761 essent3
732 1703 784 1750 Ro·

107 1768 169 1813 mani
181 1775 248 1814 nocte
259 1783 298 1829 per
309 1783 389 1821 arcem,
407 1784 474 1828 qnam
487 1766 604 1829 Cyatidem
616 1776 705 1822 vocant,
718 1769 782 1830 (uam

106 1825 169 1886 urbs,
187 1832 211 1877 in
226 1844 287 1879 mare
302 1833 393 1885 devexa,
411 1834 433 1878 ln
449 1832 595 1879 Occidentem
613 1831 698 1895 vergit)
715 1846 782 1879 muro

107 1903 220 1957 superato,
238 1898 261 1942 iu
275 1896 349 1943 forum
363 1905 520 1960 pervenerunt.
556 1898 645 1951 Samael,
662 1904 781 1959 postquam

105 1968 196 2023 duptam
208 1962 267 2008 urbis
275 1970 361 2023 partem
373 1962 399 2009 ab
410 1963 510 2009 hostibus
521 1970 645 2015 censerunt,
664 1976 716 2008 cum
727 1977 783 2008 con-

102 2027 197 2088 jugibus
208 2039 234 2073 ac
244 2028 317 2073 liberis
328 2028 351 2073 in
362 2028 468 2088 mojorem
482 2027 613 2088 refugerunt
627 2041 716 2074 arcemn
729 2027 783 2073 iude

104 2098 199 2155 postero
216 2092 252 2139 dle
269 2092 343 2145 dediti,
361 2090 446 2153 direpti
463 2093 524 2146 urbe,
543 2094 584 2138 sub
601 2092 684 2139 coronal
701 2106 781 2139 omnes

106 2155 233 2203 venierunt.

140 2216 225 2267 XXX.
239 2219 332 2275 Consul,
342 2222 471 2283 compositis
480 2223 544 2269 rebus
554 2220 712 2283 Cephallenia
721 2235 781 2282 prae-

104 2286 165 2333 sidio
181 2286 255 2333 Samae
270 2288 381 2349 imposito,
399 2288 423 2333 in
435 2286 623 2348 Peloponnesum,
636 2289 685 2349 jam
696 2286 734 2332 din
745 2300 781 2332 ar-

105 2352 245 2397 oesscntibus
265 2350 411 2413 AEgr'ensibus
430 2352 527 2399 maxime
547 2368 573 2399 ac
593 2351 779 2404 Lacedaemoniis,

99 2416 202 2478 trajecit.
238 2416 341 2479 AEgium,
359 2418 492 2479 aprincipio
503 2417 597 2464 Achaici
608 2416 704 2469 concilii,
721 2430 781 2479 serp-

104 2494 148 2557 per
159 2488 283 2528 conventus
294 2482 369 2543 gentis
380 2482 456 2528 indicti
467 2489 534 2538 sunt3
552 2496 591 2527 seu
606 2480 709 2543 dignitati
721 2480 781 2527 urbis

105 2545 138 2598 sd,
157 2560 196 2592 scu
210 2546 254 2593 loci
269 2546 428 2607 opportunitati
442 2547 519 2592 datum
534 2553 576 2592 est.
612 2544 684 2592 Hunc
694 2560 780 2592 morem

107 2608 266 2671 Philopoemen
277 2611 412 2672 caprimum
423 2623 483 2657 anno
492 2610 624 2657 labefactare
634 2616 736 2665 conatus,
748 2611 782 2657 lc·

103 2690 161 2737 geru
179 2676 270 2737 pambat
287 2675 353 2729 ferre,
371 2682 396 2725 ut
414 2676 437 2726 in
457 2677 560 2727 omnibu
577 2674 710 2730 civitatibn,
728 2688 781 2736 qun
