1867 2925
191 118 223 168 'l'-
237 117 325 170 LIVII
337 117 394 170 hs·
408 119 534 170 xxxiv.
554 118 614 172 Cu.
627 126 669 170 8³:
721 123 765 172 171

87 252 201 313 jecerint,
217 247 277 296 terri
290 249 392 310 marique
401 257 521 311 gesserunt
529 251 631 298 bouum?
657 251 723 298 tVos
733 260 768 302 ts·

93 314 164 368 nserr,’
182 316 265 375 inquis,
285 322 445 374 ‘vestramque
460 316 580 362 amicitiam
595 332 622 362 ac
638 318 767 365 societatem

93 395 183 492 {hii
192 379 768 508 §sultitibui‘zlimlitlititllt

96 508 183 562 Quibus
199 511 271 571 igitur
287 511 352 556 rebus
371 510 467 556 amicitia
484 510 599 557 violatur?
627 509 717 572 Nempe
733 514 768 558 his

94 574 295 628 moedorum,
313 575 331 620 si
347 575 420 622 socios
434 589 497 622 meos
509 591 550 636 pro
561 577 661 624 hostibus
671 577 751 624 habeas
758 595 767 634 5

94 639 174 686 sicum
185 639 289 686 hostibus
300 647 323 684 te
334 641 465 702 conjungas.
501 639 587 688 Utrum
602 656 647 689 uon
662 657 676 689 s
688 647 712 689 te
720 640 768 688 lac-

94 711 141 750 tum
153 703 207 750 est?
228 719 280 750 nam
296 710 320 750 et
334 703 463 756 Messenen,
483 719 529 751 uuo
543 713 610 765 atque
625 707 703 754 eodem
715 708 768 767 juro

93 767 190 822 ioederis,
203 784 250 828 quo
262 777 285 816 et
296 767 490 822 Lscsdaernonem,
503 770 527 816 in
538 771 657 820 amicitiam
668 780 767 822 nostrum

94 843 217 895 acceptam,
236 833 310 880 socius
326 834 374 894 ipse
390 835 473 880 sociam
489 835 553 884 nobis
569 837 646 882 urbem
662 837 685 882 vi
701 844 769 898 utque

95 901 161 944 umis
178 898 275 959 oqristi:
299 905 390 946 etcum
408 897 518 960 Phihppo,
538 901 603 946 hoste
619 908 703 953 uostro,
721 916 768 946 nou

96 964 225 1010 mustatem
234 963 314 1016 solum,
325 963 364 1010 sed
373 963 403 1026 (si
412 963 465 1010 Diis
471 962 554 1025 plucet)
563 965 692 1014 affinitatem
701 966 767 1012 etism

95 1043 133 1088 per
149 1028 276 1074 Philoclem
291 1027 423 1089 praefectum
436 1031 484 1090 cJus
499 1029 615 1090 pepigisti:
637 1038 667 1083 et,
685 1030 767 1078 bellum

95 1093 201 1140 adversus
222 1109 265 1138 nos
283 1108 371 1154 gerens,
392 1108 453 1140 mure
472 1095 531 1140 circa
546 1093 646 1142 Maleam
661 1095 768 1144 infestum

96 1159 188 1206 navibus
206 1159 304 1219 piraticis
320 1157 406 1204 fecisti:
429 1165 451 1203 ct
467 1159 626 1220 pluresprope
641 1161 702 1206 cives
717 1160 768 1209 Ro-

95 1237 180 1276 manos,
199 1237 269 1282 quarn
284 1222 407 1284 Philippus,
425 1224 503 1284 cepisti
517 1230 585 1282 atque
597 1225 709 1271 occidisti:
731 1233 769 1270 tu·

95 1271 182 1348 tiorque
194 1287 339 1334 Macedoniae
351 1303 395 1340 ora,
410 1303 476 1347 quam
487 1288 664 1348 promontorium
675 1288 768 1339 Maleae,

95 1360 235 1400 commeatus
251 1352 278 1398 ad
293 1353 404 1400 exercitus
418 1361 508 1400 nostros
521 1352 660 1413 portantibus
676 1352 769 1398 navibus
864 1367 867 1377 ¹

92 1415 142 1465 fuit.
180 1417 282 1465 Proinde
291 1432 364 1479 parce,
377 1419 414 1471 sis,
428 1416 495 1465 iidem
507 1433 533 1465 ac
539 1417 592 1479 jura
602 1417 713 1465 societatis
719 1417 769 1478 juc-

94 1490 142 1531 tare
146 1501 155 1540 3
167 1491 203 1537 et,
217 1480 300 1529 omissi
310 1482 409 1545 populari
418 1483 525 1536 oratione,
538 1492 651 1542 tamquam
659 1490 769 1542 tyrannus

94 1556 117 1595 et
126 1550 200 1595 hostis
212 1546 329 1607 loquere.”

125 1611 259 1661 XXXIII·
279 1613 326 1659 Sub
340 1614 389 1659 hsec
404 1613 533 1661 Aristaenus
546 1628 606 1661 nuno
616 1628 708 1661 monere
719 1610 770 1659 Ns-

92 1678 138 1733 bin,
155 1678 300 1724 nuncetiam
316 1692 385 1731 orare,
402 1684 433 1730 ut,
451 1678 504 1725 dum
517 1678 600 1731 liceret,
616 1678 670 1727 dum
681 1678 770 1728 occasio

93 1751 159 1797 asset,
173 1743 215 1788 sibi
227 1757 253 1788 ac
263 1742 359 1789 fortunis
370 1743 415 1789 suis
427 1743 559 1791 consuleret·
585 1743 680 1791 Referre
691 1742 771 1792 deinde

93 1808 237 1855 nominatim¹
254 1815 362 1867 tyrannos
383 1807 506 1855 civitatium
527 1807 670 1857 finitimarum
692 1807 768 1867 coepit,

92 1875 137 1935 (pri,
150 1873 256 1935 deposito
266 1872 366 1933 irnperio,
383 1870 528 1931 restitutique
538 1872 638 1919 libertate
653 1873 706 1925 suis,
722 1886 770 1917 non

93 1947 165 1986 tutam
177 1937 255 1990 niodo,
272 1938 311 1983 sed
325 1938 392 1983 etiarn
407 1938 538 1983 honoratam
552 1937 681 1986 intercisos
692 1952 770 1983 senec·

93 2011 166 2051 nutem
180 2001 287 2063 egissent.
325 2001 370 2049 His
384 2002 448 2049 dictis
462 2002 559 2049 invicem
575 2002 705 2062 auditisque,
723 2016 770 2050 nox

94 2084 164 2131 prope
175 2068 266 2114 diremit
276 2068 418 2127 colloquium.
454 2066 551 2115 Postero
561 2066 596 2114 die
607 2066 685 2121 Nubis,
700 2074 715 2095 ‘⁴
722 2068 769 2113 Ar·

95 2136 130 2196 gis
141 2148 167 2181 se
178 2134 265 2187 cedere,
277 2149 303 2179 ac
314 2132 423 2179 deducere
432 2133 567 2195 praesidium,
580 2133 669 2191 quando
677 2133 709 2177 ita
719 2131 770 2177 Ro-

95 2199 283 2261 susnisplsceret,
299 2206 322 2243 et
337 2198 437 2258 captivos
452 2203 476 2243 et
489 2195 594 2258 perfugas
605 2192 768 2245 reddinrumss’

96 2264 158 2313 dixit·
195 2270 213 2307 ,“
221 2262 292 2309 Aliud
303 2264 320 2307 si
332 2262 385 2322 quid
395 2262 541 2322 postularent,
557 2262 664 2321 scriptum
679 2266 705 2305 ut
717 2258 770 2306 ede*

96 2329 171 2383 rent,’'
194 2328 267 2389 petiit
292 2334 307 2357 ‘⁶
319 2335 344 2373 ut
362 2326 482 2373 deliberare
500 2342 551 2373 curn
570 2326 647 2373 amicis
666 2320 769 2383 posset’'

96 2392 133 2441 lu
147 2402 171 2441 et
186 2402 284 2453 tyranno
298 2393 326 2439 ad
341 2392 512 2438 consultandum
527 2399 616 2449 tempus
630 2389 706 2435 dutum
720 2393 769 2443 est3

97 2464 119 2506 et
142 2458 258 2513 Quintius,
285 2458 395 2503 sociorum
417 2456 484 2503 etiam
505 2454 639 2516 principibus
660 2450 769 2504 adhibitis,

97 2524 174 2569 hahuit
193 2523 318 2568 consilum.
358 2522 469 2569 Maximae
488 2520 558 2581 partis
577 2516 687 2564 sententia
704 2522 768 2563 erut:

98 2586 319 2635 “Perseverandum
333 2586 357 2631 in
371 2586 430 2633 hello
444 2601 502 2637 esse,
518 2591 543 2630 st
555 2580 678 2627 tollendum
693 2587 771 2639 tyran·

96 2666 166 2701 uum:
185 2666 301 2712 nunquam
312 2651 375 2699 alitor
385 2658 457 2697 tutam
468 2649 592 2696 libertstem
604 2644 702 2695 Groeciae
712 2643 769 2693 tore.
