1867 2925
184 155 217 204 T.
232 145 391 204 L1v11'Lrs
405 147 545 201 mvn.
564 148 626 202 (lsr-
636 152 677 200 55.
719 155 769 200 84⁹

89 287 182 334 enimes
197 292 288 349 gemnt
323 283 464 332 Domesticis
478 281 590 346 quondam
604 283 688 330 rioms
701 281 770 329 etism

88 352 213 414 imperium
232 351 436 414 mpiectebmtur;
452 363 520 403 nunc,
538 349 654 410 imperium
671 349 708 394 ubi
723 355 767 399 est,

88 418 119 464 ibi
132 425 162 464 ut
171 417 201 463 slt
210 424 351 478 perpetuum,
364 421 449 477 optent.
478 413 614 461 libertatem
623 414 703 461 vestris
711 411 769 462 tucri

88 482 163 528 munis
173 482 227 528 satis
237 482 327 533 hebent,
345 479 451 541 quonism
465 481 511 526 suis
521 493 568 525 non
579 486 681 541 possunt.
717 479 770 526 ‘At

88 547 153 594 enim
172 545 276 606 qnoednm
299 545 403 592 civitates
421 559 473 590 cnm
495 544 611 591 Antiocho
633 541 770 590 senscrunt’

88 609 125 658 Et
140 611 191 658 ade
205 611 270 672 prius
284 625 336 656 cum
349 609 460 670 Philippo,
478 617 502 656 et
515 625 567 656 cum
579 609 668 669 Pyrrho
682 605 771 654 Teren-
858 631 870 643 ν

88 677 138 722 tini.
175 675 218 722 Ne
231 675 290 721 aiios
304 674 400 736 populos
415 688 552 726 enumerem,
571 672 687 736 &mingo
701 673 771 721 utera

88 747 141 786 cum
152 741 202 787 suis
213 740 304 802 legibus
314 747 356 785 est.
393 737 455 784 Huic
466 747 542 785 vestro
550 739 654 800 exemplo
660 745 770 798 quantum

87 805 198 858 debentis,
210 805 295 857 videte,
308 801 389 850 Pntrcs
397 803 524 865 conscripti·
561 801 676 849 Inducetis
685 803 710 848 in
720 803 770 849 sni-

88 885 155 916 mum
167 883 255 930 negare
266 868 377 915 Eumenis
388 869 510 930 cupiditati,
521 867 719 930 quodjustissimte
729 868 770 915 ime

88 942 175 982 vestrm
195 932 304 996 negdstis.
340 932 424 979 Rhodii
441 940 463 980 et
479 934 503 978 in
519 934 569 985 hoc,
588 939 610 979 et
626 933 650 978 in
666 932 770 979 omnibus

88 999 161 1049 bellis,
181 1013 236 1059 quse
251 999 275 1044 in
290 995 328 1044 illd
343 995 382 1044 ord
396 997 505 1060 gessistis,
523 1011 589 1057 quom
604 996 658 1044 sorti
667 996 771 1057 fidelique

90 1061 222 1126 operdvos
239 1062 397 1124 adjuverimus,
418 1069 494 1108 vestro
505 1063 592 1125 Judicio
609 1063 766 1124 relinquimus:

91 1143 154 1174 mmc
169 1128 195 1174 in
212 1141 270 1188 psoe
285 1128 309 1173 id
323 1127 440 1174 consilium
457 1126 576 1179 efferimus,
594 1128 654 1188 quod
671 1128 690 1173 si
708 1142 772 1177 com-

91 1193 256 1254 probaveritis,
269 1191 448 1254 magnificentius
466 1207 509 1239 vos
528 1191 621 1239 victorid
639 1206 693 1239 usos
712 1207 768 1247 esse,

91 1273 159 1318 quem
171 1257 263 1310 vicisse,
276 1271 355 1303 omnes
365 1257 511 1304 existimaturi
523 1256 595 1304 sint.”
628 1256 691 1320 Apte
704 1273 770 1320 mug-

92 1322 191 1368 nitudini
202 1321 317 1369 Romame
328 1323 399 1368 oratio
409 1323 457 1370 viss
468 1326 525 1369 est-²

124 1385 183 1433 LV.
203 1386 263 1434 Post
282 1387 385 1434 Rhodios
403 1386 511 1434 Antiochi
526 1386 596 1448 legati
615 1387 688 1433 vocati
707 1393 767 1433 sunt.

92 1450 121 1507 Ii,
139 1451 239 1515 vulgato
258 1453 382 1515 petentium
401 1453 489 1500 veniam
509 1468 579 1508 more,
600 1467 698 1500 errorem
716 1450 771 1500 fusi

92 1519 162 1580 regis,
181 1518 288 1564 obtestati
305 1524 357 1565 sunt
373 1516 451 1565 Patres
468 1518 614 1579 conscriptos,
634 1525 649 1548 ¹⁶
662 1517 704 1572 Ut,
722 1532 771 1565 sum

91 1583 169 1644 potius
180 1583 316 1635 clenentiae,
334 1598 400 1642 quom
412 1582 472 1645 regis
482 1583 561 1645 crdpae,
579 1584 617 1644 qui
628 1584 682 1631 setis
692 1598 772 1646 super·

91 1664 137 1709 qne
150 1662 273 1711 poenurum
288 1646 391 1699 dedisset,
408 1662 526 1702 memores,
544 1650 698 1697 consulerent:
717 1665 771 1712 pos-

92 1721 169 1761 tremo
179 1726 260 1775 pscem
272 1711 345 1759 mlum
356 1727 371 1758 a
380 1710 409 1757 L.
425 1712 529 1773 Scipione
539 1714 678 1775 imperatore,
691 1716 772 1776 quillus

90 1779 182 1841 legibus
197 1777 303 1831 dedisset,
320 1775 478 1823 confirmarent
492 1779 623 1825 auctoritate
636 1776 703 1825 sud.”
736 1779 771 1826 Et

92 1852 187 1891 senatus
206 1858 257 1889 enm
276 1856 354 1904 pscem
375 1842 505 1889 servendnm
524 1843 619 1896 censuit,
642 1850 666 1889 et
686 1858 771 1905 pouces

92 1916 145 1972 post
163 1909 214 1955 dies
231 1907 327 1969 populus
338 1906 413 1969 jussit.
449 1906 535 1953 Foedus
551 1906 575 1951 in
591 1905 703 1969 Capitolio
717 1922 770 1955 cum

92 1975 220 2036 Antipatro
237 1972 337 2035 principe
353 1971 478 2037 legationis,
496 1977 520 2018 et
535 1972 614 2018 eodem
631 1972 706 2020 fratris
724 1972 771 2021 lilio

92 2040 155 2101 regis
173 2037 290 2090 Antiochi,
308 2043 344 2083 est
361 2036 438 2082 ictum.
475 2036 567 2083 Auditae
583 2037 664 2086 deinde
681 2048 705 2087 et
721 2039 773 2087 ulixe

91 2104 221 2167 legationes
236 2117 266 2149 ex
281 2098 338 2149 Asid
349 2108 414 2147 sunt:
433 2100 515 2162 quibus
528 2103 630 2151 omnious
644 2105 721 2152 dstum
736 2111 772 2152 est

91 2183 238 2231 responsum,
258 2165 374 2213 “Decem
386 2166 481 2229 legatos,
498 2183 561 2215 more
571 2170 687 2232 majorum,
706 2184 772 2218 senn-

91 2242 143 2281 tum
159 2234 284 2281 missurum
300 2232 328 2278 sd
343 2246 379 2277 res
390 2231 454 2279 Asiae
468 2232 621 2296 disceptandas
634 2248 772 2295 componen-

91 2299 186 2360 dasque.
224 2298 342 2345 Summum
353 2298 563 2352 tumenhsncfore,
581 2308 607 2347 ut
621 2302 654 2347 cis
667 2298 771 2346 Tasmm

91 2372 206 2477 ”Eldnmtdnrl'
219 2363 773 2492 sltllltudllllmllglllaeleluollllisldmffl
813 2483 816 2490 p

91 2508 166 2554 usque
174 2492 203 2539 sd
214 2490 360 2539 Meesndrum
371 2506 473 2539 minem:
485 2508 512 2541 en
522 2495 619 2542 civitatis
629 2494 771 2544 Rhodiorum

92 2564 179 2605 esent
216 2554 316 2605 cetere
332 2556 433 2603 civitates
448 2559 519 2612 Acie,
537 2574 589 2620 quae
599 2560 672 2607 Acuti
686 2562 771 2625 stipen-

91 2622 171 2670 disriae
186 2621 290 2697 fuissent,
308 2621 392 2697 eedem
407 2620 507 2699 llumeni
520 2624 619 2686 vectigal
631 2625 705 2685 pende
