1867 2925
196 179 331 250 1.le
347 171 400 234 hm
415 181 554 232 xxxva
573 181 635 232 crs.
649 186 689 232 50.
736 189 782 232 aar

104 323 121 348 ‘¹
129 313 208 364 Totos
219 316 291 362 adhuc
302 315 411 362 Antiochi
424 313 516 362 AEtolos
530 331 587 367 esse,
606 322 670 361 etex
680 314 747 363 unici
758 313 785 363 eti

103 397 146 445 spe
157 381 256 444 pendere
266 381 353 427 animos
364 397 450 427 eorum.
480 379 559 441 Itaque
569 379 652 426 bellum
664 397 716 428 cum
726 382 787 428 haud

104 446 181 494 duhiis
199 447 298 493 hostibus
318 446 450 508 gerendum,
474 446 682 508 perdomandosque
699 445 788 494 seroces

104 513 196 560 animos
207 511 282 558 esse.”
317 511 395 558 Etiam
407 511 444 558 ille
455 527 491 558 res
502 511 610 561 accendit.
628 511 688 571 quod
699 527 727 558 eo
737 513 787 574 ipso

105 587 216 640 tempore,
235 593 279 637 quo
294 592 372 638 pacem
388 577 415 623 ab
426 576 537 623 Romanis
547 579 659 637 petebant,
678 574 787 638 Dolopiae

104 651 173 704 atque
190 642 336 688 Athamaniae
353 642 435 688 bellum
454 642 585 688 inferebant
623 642 787 689 Senatus-cou-

104 709 191 756 sultum
209 709 233 753 in
253 707 327 753 Manii
347 706 415 752 Acilii
432 708 573 759 sententiam,
591 708 630 766 qui
646 707 787 754 Antiochum

103 773 246 834 AEtoiosque
257 773 375 824 devicerat,
392 771 476 818 sactum
493 779 534 824 est,
554 779 570 800 ‘⁶
584 771 617 818 Ut
628 771 701 818 AEtoii
712 788 740 819 eo
750 771 788 819 die

101 839 237 901 juberentur
255 837 364 898 proficisci
379 838 406 882 ab
423 837 493 892 Urbe,
511 845 534 883 et
550 837 608 882 intra
623 837 788 897 quintumdeci-

105 919 171 950 mum
180 903 239 949 diem
253 900 462 948 Isalit‘excederd
497 905 527 948 A.
541 901 662 948 Terentius
673 901 748 949 Varro
758 903 787 948 ad

105 967 280 1016 custodiendum
300 968 342 1014 iter
360 983 437 1012 eorum
457 969 554 1024 missus;
579 967 785 1027 denuntiatumque.

106 1040 123 1064 ‘⁴
136 1033 162 1081 Si
177 1049 224 1093 qua
235 1033 315 1080 deiude
325 1033 407 1094 legatio
419 1047 448 1079 ex
459 1032 552 1085 AEtolis,
570 1033 613 1078 nisi
623 1032 733 1095 permissu
744 1033 787 1078 im·
829 1048 831 1055 ·

104 1099 225 1164 per-aroris,
244 1098 282 1158 qui
297 1113 346 1144 eam
361 1098 498 1160 provinciam
514 1098 631 1151 obtineret,
648 1105 672 1144 et
687 1113 739 1144 cum
754 1097 787 1144 ie-

104 1173 160 1226 gato
175 1163 291 1216 Romano,
309 1163 407 1209 venisset
419 1163 525 1217 Romam,
543 1180 584 1226 pro
594 1164 696 1210 hostibus
706 1179 786 1210 omnes

99 1227 225 1276 r'uturoa''
259 1226 296 1274 Ita
306 1227 390 1274 dimissi
404 1227 483 1274 AEtoli.

79 1295 81 1300 ’
138 1293 169 1341 L.
191 1291 231 1339 De
245 1291 365 1355 provinciis
377 1292 456 1340 deiude
467 1293 570 1340 consules
581 1293 718 1338 retulerunt:
739 1308 787 1338 sor·

105 1360 143 1406 tin'
158 1375 199 1406 eos
211 1357 320 1404 AEtoiiam
333 1365 356 1404 et
370 1358 449 1404 Asiam
460 1359 550 1420 placuit.
587 1356 635 1410 Qui
646 1357 726 1402 Asiam
738 1373 787 1404 sor-

104 1426 161 1473 titus
172 1431 241 1479 esset,
259 1423 372 1469 exercitus
382 1423 410 1476 ei,
428 1439 496 1484 quem
508 1421 537 1479 L
552 1421 627 1483 Scipio
638 1421 735 1475 haberet,
752 1429 787 1469 est

105 1492 218 1543 decretus,
236 1497 260 1535 et
272 1490 295 1533 in
307 1504 358 1535 eum
370 1489 550 1551 supplementum
560 1494 657 1548 quatuor
667 1487 736 1533 miliia
745 1502 786 1549 pe·

104 1556 178 1603 ditum
195 1554 359 1606 Romanorum,
379 1554 468 1600 ducenti
484 1554 577 1613 equites,
595 1560 618 1598 et
633 1552 745 1599 sociorum
759 1566 786 1600 ac

105 1620 184 1669 Latini
200 1620 297 1665 nominis
312 1625 364 1665 octo
380 1618 448 1664 millia
465 1619 571 1680 peditum,
590 1625 613 1664 et
627 1618 786 1681 quadringenti

105 1686 208 1749 equites:
228 1685 263 1730 his
274 1684 344 1745 copiis
359 1690 384 1729 ut
394 1684 477 1729 beilum
492 1699 544 1729 cum
560 1682 675 1729 Antiocho
686 1691 783 1747 gereret.

105 1752 182 1801 Alteri
194 1750 281 1797 consuli
296 1750 414 1803 exercitus,
432 1749 471 1808 qui
488 1748 573 1795 eratin
589 1746 683 1801 AEtoiih,
701 1757 737 1795 eat
747 1749 786 1795 dc·

104 1825 197 1873 eretus3
220 1823 250 1867 et,
273 1820 298 1859 ut
315 1814 494 1875 supplementum
512 1814 624 1866 scriberet,
643 1814 785 1873 permissum¹

104 1883 190 1929 civium
211 1881 369 1939 sociorumque
387 1878 491 1925 eumdem
508 1893 634 1930 numerum,
652 1892 720 1936 quem
739 1876 787 1923 col·

104 1948 165 2010 lega.
202 1944 282 1992 Nares
297 1959 386 2005 quoque
399 1943 458 1989 idem
473 1943 559 1996 consul,
578 1958 630 2002 quae
640 1943 716 2004 priore
725 1957 786 1989 auno

105 2020 192 2076 paratae
210 2017 280 2063 erant,
300 2024 379 2055 ornare
388 2010 475 2071 jussus,
492 2023 519 2054 ac
536 2006 619 2053 ducere
632 2022 723 2055 secum:
743 2022 786 2054 uec

106 2093 160 2125 cum
176 2074 263 2123 AEtolis
278 2075 350 2121 solum
364 2074 446 2121 betium
462 2088 548 2135 gerere,
567 2072 606 2118 sed
621 2074 689 2120 etiam
703 2075 727 2119 in
739 2071 787 2121 ce-

104 2142 242 2207 phalleniam
257 2140 352 2186 insulem
367 2138 475 2201 trajicere.
511 2138 647 2185 Mandatum
658 2139 739 2192 eidem,
752 2144 785 2191 ut,

106 2209 126 2256 si
141 2222 182 2271 per
198 2206 341 2253 commodum
359 2204 485 2265 reipublicae
500 2203 574 2250 facere
589 2212 672 2266 posset,
692 2201 742 2267 [ut]
758 2202 787 2249 ad

106 2273 200 2323 comitia
210 2271 310 2317 Romam
321 2269 416 2326 rediret3
435 2284 494 2322 usur,
506 2277 655 2331 praeterquam
665 2268 727 2329 quod
738 2283 786 2314 ma-

106 2340 218 2403 gistratus
236 2336 304 2382 annui
321 2334 455 2396 subrogandi
473 2341 555 2387 esseut,
573 2349 679 2381 censores
695 2348 787 2393 quoque

105 2405 197 2467 placere
207 2402 290 2447 creari:
311 2401 329 2445 si
340 2414 384 2459 qua
395 2414 430 2445 rea
444 2414 496 2444 cum
511 2406 605 2451 teneret,
624 2404 726 2443 senatum
737 2412 787 2444 cer.

105 2470 191 2517 ctorem
207 2465 298 2516 faceret,
317 2480 342 2510 ae
357 2464 385 2509 ad
402 2464 545 2509 comitiorum
561 2469 651 2522 tempus
668 2476 787 2508 occurrere

100 2546 155 2581 mu
175 2544 249 2593 posse.
285 2528 372 2575 AEtoha
390 2527 426 2574 M.
448 2526 539 2579 Fulvio,
556 2526 614 2571 Asia
632 2522 677 2572 Cn.
696 2524 786 2571 Manlio

106 2604 171 2647 sorte
182 2594 266 2643 eienit.
301 2592 416 2639 Praetores
427 2590 508 2637 deinde
517 2590 591 2636 sortiti
602 2595 662 2642 sunt,
676 2588 715 2651 Sp.
726 2589 786 2636 Pos-

105 2662 194 2710 tumius
213 2658 310 2705 Albimrs
329 2656 434 2703 urbanam
456 2662 481 2701 et
500 2655 560 2700 inter
580 2653 718 2715 peregrinos,
742 2652 781 2697 M.

108 2723 258 2789 Sempronius
276 2720 405 2771 Tuditarnrs
423 2718 529 2769 Siciliam,
541 2715 588 2827 80„
603 2716 689 2765 *Fabiae
702 2716 788 2765 Pictor

481 2785 524 2827 20
