1867 2925
161 164 197 209 40
269 157 401 208 T.L1vl1
418 152 585 207 Lrsxxxl.
606 154 666 207 car.
680 148 722 202 «103

160 304 236 339 ramos
246 289 400 352 impediebant.
436 288 579 337 Cretensium
593 302 639 334 una
649 286 730 333 cohors
740 299 786 331 non
796 277 835 329 inss

160 355 222 402 utilis
230 362 291 402 erat:
311 354 351 401 sed
363 370 389 401 ea
403 370 492 415 quoque
505 354 559 415 ipsa,
576 360 608 405 ut,
627 353 646 398 si
660 352 710 412 quia
724 352 836 411 impetum

162 419 252 475 faceret,
270 419 293 467 in
310 427 423 482 patentem
440 419 528 465 vulneri
541 432 624 477 equum
639 417 781 477 equitemque
798 428 838 459 sa·

162 484 231 546 giltas
245 486 356 548 conjicere
372 490 465 545 poterat,
483 485 515 530 ita
531 483 637 529 adversus
655 489 718 528 scuta
728 480 838 526 Romana

162 564 204 596 nec
219 550 247 596 ad
261 550 413 613 trajiciendum
430 549 484 595 satis
497 562 601 610 magnam
617 548 664 592 vim
675 546 838 601 habebatqnec

161 615 233 676 aperti
251 615 371 675 quidquam
391 620 445 666 erat,
463 614 524 673 quod
541 619 634 674 peteret.
670 608 749 669 Itaque
767 609 791 654 id
810 615 839 653 ut

162 694 247 726 vanum
262 679 301 725 teli
316 692 389 740 genus
406 686 524 725 senserunt
539 692 595 729 esse,
614 676 673 723 saxis
687 674 770 737 passim
786 669 839 719 toti

162 744 221 791 valle
227 744 353 806 jacentibus
363 743 502 789 incessebant
512 743 607 787 bostem.
632 740 675 793 Ea,
688 741 772 801 majore
783 752 839 784 cum

163 808 246 861 sonitu
264 822 330 869 quam
342 808 433 854 vulnere
444 808 497 860 ullo,
513 806 609 867 prrlsatio
620 813 734 851 scutorum
744 818 840 866 parum-

163 888 204 935 per
219 872 362 920 succedentes
373 872 490 919 Romanos
500 871 584 917 tenuit:
605 870 691 923 deinde,
708 869 736 914 iis
746 883 841 928 quoque

163 939 251 999 spretis,
269 938 356 1001 partim,
374 937 486 984 testudine
498 933 564 989 factis,
581 950 621 997 per
636 934 741 981 adversos
751 933 841 979 vadum

163 1004 255 1060 bostes3
272 1004 359 1064 partim,
376 1002 438 1048 brevi
454 1002 548 1047 circuitu
564 1016 616 1045 cum
634 999 658 1044 in
671 1000 754 1060 jugum
772 997 840 1043 collis

164 1068 295 1120 evasissent,
313 1066 410 1126 trepidos
427 1081 456 1112 ex
470 1066 578 1127 praesidiis
594 1064 767 1122 stationibusque
783 1062 841 1107 Ma—

164 1131 262 1211 cedqnas
277 1130 408 1188 deturbant3
422 1138 454 1184 et,
473 1138 498 1177 ut
515 1131 539 1174 iu
553 1129 608 1176 locis
624 1127 735 1191 impeditis
752 1125 842 1173 difficili

165 1194 435 1323 mgidiiqiigilii
446 1196 679 1311 litteffltmu,
697 1271 763 1319 qum
774 1255 840 1317 quor

165 1327 245 1373 animis
259 1332 426 1388 proposuerant,
445 1331 562 1385 superatae,
579 1330 603 1369 et
616 1324 639 1368 in
651 1322 771 1369 Eordaeam
785 1334 840 1383 per-

164 1399 274 1448 ventum;
292 1392 328 1437 ubi
338 1391 470 1453 pervastatis
481 1389 563 1449 passim
574 1388 640 1450 agris,
652 1388 676 1433 in
688 1386 801 1433 Elimeam
813 1400 841 1432 se

164 1458 261 1519 recepit:
284 1456 335 1504 inde
353 1456 460 1518 impeturn
479 1454 503 1500 in
522 1452 651 1502 Orestidem
667 1451 735 1509 fecit3
754 1457 778 1498 et
796 1467 841 1514 op-

181 1522 241 1568 idum
260 1519 374 1569 Celetrum
392 1528 426 1568 est
443 1535 571 1582 aggressus,
587 1519 611 1564 iu
626 1514 743 1579 peninsulri
758 1517 837 1562 situm.

164 1537 241 1632 besua
250 1586 333 1632 rnoenia
341 1586 426 1648 cingit:
438 1585 540 1646 angustis
550 1582 650 1629 faucibus
661 1597 731 1627 unum
742 1595 771 1628 ex
782 1596 842 1627 con-

164 1649 245 1696 tinenti
256 1651 299 1696 iter
309 1657 349 1696 est.
386 1649 471 1703 Primo,
481 1650 526 1695 situ
536 1649 585 1710 ipso
595 1646 653 1700 freti,
666 1646 747 1693 clausis
757 1647 839 1707 portia,

164 1714 282 1775 imperium
297 1712 405 1761 abnuere:
426 1714 512 1767 deinde,
528 1720 646 1775 postquam
658 1712 723 1773 signa
732 1710 793 1763 ferri,
812 1725 841 1758 ae

164 1779 277 1826 testudine
291 1779 379 1826 succedi
393 1779 421 1826 ad
435 1786 531 1841 portam,
548 1778 693 1836 obsessasque
706 1774 782 1822 fauces
797 1789 842 1837 ag-

164 1843 226 1890 mine
240 1845 336 1890 bostium
352 1845 462 1896 viderunt,
480 1843 608 1905 priusquam
623 1842 776 1902 experirentur
788 1855 841 1887 cer-

165 1916 248 1961 tamen,
261 1915 323 1954 metu
333 1908 356 1953 in
366 1907 502 1953 deditionem
509 1914 626 1953 venerunt.
661 1906 700 1952 Ab
711 1903 805 1953 Celetro
815 1906 842 1951 in

163 1971 309 2020 Dassaretios
317 1972 431 2034 processit,
441 1973 563 2035 urbemque
571 1970 659 2018 Pelium
668 1971 690 2016 vi
699 1971 764 2032 cepit.
785 1970 843 2017 Ser-

164 2037 220 2082 vitia
230 2036 282 2083 inde
293 2053 344 2082 curn
356 2035 437 2083 caeterri
446 2033 523 2098 praedi
533 2036 631 2088 abduxit,
649 2042 673 2081 et
687 2036 755 2081 libera
765 2035 842 2096 capita

163 2102 214 2148 aine
223 2101 294 2163 pretio
305 2101 388 2147 dimisit
394 2119 402 2160 3
419 2101 569 2163 oppidumque
577 2101 606 2147 iis
616 2100 717 2153 reddidit,
734 2100 843 2161 praeaidio

164 2167 238 2213 valido
252 2167 370 2228 imposito:
390 2181 442 2212 nam
456 2174 480 2212 et
494 2167 537 2212 sita
550 2173 675 2228 opportune
689 2166 741 2211 urba
752 2170 801 2210 erat
812 2165 842 2212 ad

164 2231 262 2293 impetus
280 2231 304 2276 in
323 2231 482 2278 Macedoniam
500 2230 620 2277 faciendos.
656 2228 693 2276 Ita
714 2227 841 2291 'peragratis

164 2296 264 2342 bostium
282 2297 349 2357 agris,
367 2296 445 2342 consul
462 2296 486 2340 in
502 2296 553 2342 loca
564 2297 613 2357 jam
630 2301 708 2356 pacata
722 2294 751 2340 ad
765 2294 841 2356 Apol·

164 2361 256 2414 ioniam,
269 2361 328 2406 unde
339 2377 403 2406 orsus
413 2361 496 2406 bellum
507 2367 561 2413 erat,
574 2360 648 2421 copias
660 2358 753 2405 reduxit
782 2357 841 2405 Phi-

163 2424 249 2485 lippum
260 2432 386 2471 averterant
397 2424 477 2478 AEtoli,
495 2432 519 2470 et
529 2424 676 2477 Athamanes,
694 2430 717 2470 et
725 2422 838 2478 Dardani,

161 2495 188 2534 et
202 2495 237 2533 tot
250 2489 307 2536 bella
324 2496 415 2550 repente
429 2489 472 2535 alia
488 2504 517 2534 ex
534 2489 583 2534 aliis
596 2489 652 2534 locis
666 2494 751 2534 exorta.
787 2488 840 2534 Ad-

162 2566 242 2597 versus
254 2551 381 2606 Dardanos,
390 2555 437 2615 jam
450 2554 580 2615 recipientes
591 2567 620 2598 ex
631 2550 767 2599 Macedonia
777 2567 839 2606 sese„

161 2614 333 2677 Athenagoram
344 2633 396 2664 cum
407 2618 516 2678 expeditis
525 2617 635 2677 peditibus
645 2631 672 2662 ac
679 2618 764 2678 majore
771 2624 838 2676 parto

160 2678 271 2740 equitatis
286 2681 354 2738 misit,
367 2683 458 2744 jussum
473 2683 557 2729 instare
569 2683 597 2729 ab
611 2689 677 2744 tergo
691 2681 835 2738 abeuntibus,
