1867 2925
213 130 243 177 r.
257 129 343 179 mvn
359 129 412 179 ns
425 92 550 179 uxxvi.
570 130 629 179 co.
646 136 682 179 ro
734 136 780 183 257

107 259 171 307 milia
180 258 216 307 his
227 261 295 325 (utin
303 259 370 309 causi
378 258 437 322 pari)
448 276 499 322 quae
507 277 550 323 pro
561 259 741 311 chuudmutus
752 264 774 309 in
823 301 828 313 .

104 324 774 451 ninunffitiiuiinnunffln

312 425 320 447 9

103 454 190 515 jussos,
207 468 237 499 ne
246 454 269 500 id
279 455 365 501 consilii
375 462 485 515 caperent,
498 456 568 517 cujus,
580 456 632 501 dum
642 454 775 505 infuturum

104 517 174 564 nimis
183 519 242 565 cauti
252 526 276 565 et
285 519 371 579 providi
382 526 463 573 essent,
473 520 592 581 *extemplo
603 520 727 580 peniteret,
739 522 774 568 di-

104 582 173 628 min't.
209 582 270 629 Haec
281 584 406 630 renuntiata
416 582 501 631 Pireras
511 584 593 646 legatio
604 598 655 629 cum
666 591 732 637 esset,
744 599 773 631 ne

103 648 196 707 paulum
213 647 303 706 quidun
318 646 452 702 dubitirnnt,
468 648 522 708 quin
531 664 580 709 pro
595 647 708 710 iideergn
723 646 774 695 Ro-

102 726 190 763 mmos,
203 711 310 772 quidquid
316 711 363 758 fors
370 713 422 758 belli
429 712 522 766 tulisset,
535 719 667 775 paterentur.
679 754 681 758 .
694 711 773 773 Itaque

99 777 126 823 εἰ
135 776 160 821 hi
171 774 260 823 summi
271 791 313 837 ope
322 778 427 838 parabant
437 791 462 823 se
472 776 500 823 ad
510 778 586 823 urbem
597 776 769 825 defendendam:

99 846 126 885 et
140 854 182 886 rex
195 840 224 885 ab
234 842 295 886 omni
305 848 368 902 parte
378 841 444 887 simul
454 856 582 902 oppugnare
592 841 676 889 rnoenia
685 848 720 887 est
730 856 771 903 ag-

101 905 208 963 gressum
230 912 261 957 et,
283 905 364 965 utqui
383 905 436 951 satia
453 904 593 966 intelligeret,
612 906 770 967 (nequeenim

100 967 193 1013 dubium
202 966 263 1028 erat)
274 970 298 1014 in
308 976 391 1016 eventu
401 970 449 1032 ejus
458 970 519 1021 urbis
528 970 624 1029 positum
635 984 691 1021 ease,
703 982 770 1029 quam

98 1032 195 1092 primam
203 1048 325 1094 aggressus
333 1041 398 1086 esset,
410 1042 449 1079 aut
457 1034 531 1094 sperni
541 1034 619 1081 deinde
630 1033 657 1080 ab
667 1030 770 1083 universi

99 1104 171 1157 gente
188 1096 362 1151 Thessalorum·
374 1104 419 1144 autv
428 1098 502 1145 timeri
518 1113 549 1151 se,
567 1113 656 1145 omnem
672 1098 770 1157 undique

98 1167 209 1209 terrorem
224 1162 320 1207 obsessis
330 1162 411 1223 injecit.
446 1161 547 1209 Primum
561 1162 667 1223 impetum
683 1171 769 1223 oppug-

98 1226 197 1271 nationis
205 1224 259 1271 satis
267 1232 394 1271 constanter
402 1226 566 1271 sustinuerunt:
577 1226 634 1277 dein,
644 1226 769 1274 cummnlti

97 1296 268 1350 propugnantes
276 1289 385 1340 cuderent,
395 1296 433 1333 aut
439 1284 614 1339 vulnerarentui,
622 1284 768 1336 labareanimi

98 1350 195 1415 cepere
231 1352 341 1399 Revocati
355 1352 434 1397 deinde
450 1350 630 1411 castigationibus
643 1350 766 1411 principum

96 1416 125 1466 ati
138 1416 328 1480 perseverandum
342 1416 366 1462 in
375 1416 496 1478 proposito,
514 1414 590 1462 relicto
605 1413 714 1463 exteriore
724 1414 768 1460 cir-

96 1483 148 1528 culo
159 1483 226 1535 muri,
244 1481 395 1529 deficientibus
399 1483 448 1543 jam
459 1480 535 1541 copiis,
547 1479 570 1524 in
578 1478 706 1528 ¹interiorem
717 1495 768 1542 par-

96 1555 142 1594 tem
154 1547 217 1594 urbis
226 1545 398 1602 concesserunt3
415 1546 450 1591 cui
463 1545 551 1592 brevior
565 1544 623 1591 orbis
637 1544 766 1592 munitionis

96 1611 255 1674 circumjectus
262 1618 322 1658 erat:
332 1617 445 1672 postremo
452 1609 506 1654 victi
513 1607 583 1662 malis,
593 1623 644 1656 cum
652 1609 764 1664 timerent,

97 1690 126 1722 ne
135 1676 160 1722 vi
171 1674 243 1738 captis
257 1676 317 1722 nulla
331 1674 389 1736 apud
400 1668 508 1720 victorem
519 1673 584 1720 venia
593 1671 658 1727 esset
677 1673 765 1722 dedide-

96 1747 151 1786 mnt
161 1755 219 1792 nme.
246 1739 310 1787 Nihil
317 1737 369 1785 inde
378 1745 478 1784 moratus
489 1751 535 1792 rex,
548 1744 641 1798 quatuor
651 1738 719 1785 miiiia
729 1754 765 1786 ar·

95 1805 217 1858 matorum,
234 1804 288 1851 dum
299 1817 376 1850 recens
385 1808 456 1849 terror
463 1809 531 1856 esset,
550 1802 677 1849 Scotussam
687 1803 766 1852 misit:

95 1884 137 1916 nec
144 1869 183 1917 'ibi
197 1883 261 1915 mora
270 1867 387 1915 deditionis
396 1874 432 1913 est
440 1865 505 1919 iaetu,
522 1867 661 1912 comentibus
672 1864 764 1916 Pherec-
812 1884 819 1927 g

95 1949 162 1980 orum
171 1948 249 1980 recens
259 1932 400 1993 exemplum
417 1930 461 1990 qui,
474 1929 533 1990 quod
541 1929 681 1990 pertinaciter
688 1931 763 1992 ,primo

95 1999 226 2051 abnuerant,
244 1998 303 2044 mdo
313 1996 391 2043 domiti
400 1995 489 2045 undem
497 1993 610 2040 fecissent.
645 1991 705 2042 Cum
715 1994 763 2060 ipsi

95 2063 151 2109 urbe
166 2061 323 2124 Hippolochus
338 2059 542 2117 Larissaeornnnque
552 2058 649 2106 deditum
660 2066 762 2120 estprae·

95 2126 184 2173 sidium.
219 2125 315 2172 Dimissi
324 2126 353 2171 ab
362 2139 416 2186 rege
425 2123 524 2170 inviolati
535 2137 626 2179 omnes;
643 2123 703 2182 quod
713 2138 762 2170 enm

96 2206 145 2237 rem
155 2190 234 2252 mgni
244 2189 352 2236 momenti
361 2187 458 2234 futuram
470 2201 510 2234 rex
520 2187 548 2233 ad
558 2187 705 2234 conciliandos
715 2185 762 2232 La-

96 2254 226 2302 rissaeorum
237 2254 322 2302 animos
333 2252 442 2299 credebat.

115 2356 118 2363 ,
127 2317 162 2366 Χ.
180 2317 246 2364 Intra
255 2316 434 2366 decimumdicm
443 2329 510 2374 quam
519 2313 602 2364 Pheras
612 2319 709 2366 venerat,
727 2311 762 2358 his

95 2382 208 2446 pascetis}
229 2381 365 2434 Crancnem,
388 2379 500 2442 profectus
518 2393 568 2424 cum
587 2385 636 2424 toto
655 2376 760 2430 exercitu,

95 2449 170 2510 primo
182 2447 281 2494 adventu
293 2447 363 2507 cepit:
382 2444 433 2490 inde
444 2441 563 2504 Cypoeram
574 2449 597 2488 et
606 2439 760 2502 Metropolim,

97 2507 166 2570 epifi,
180 2511 321 2574 drcumjoen
334 2508 424 2556 mutella
432 2507 529 2570 pecepit3
546 2505 662 2563 omniaque
667 2505 715 2564 jam
727 2519 761 2550 re·

96 2575 173 2689 ξ’ἒῗ
178 2567 644 2702 imminui
651 2573 764 2680 niti

80 2669 84 2688 t
627 2665 635 2688 1

285 2701 290 2710 ’
496 2709 508 2740 a
525 2699 540 2740 3
