1867 2925
200 156 400 212 silvulis
413 160 542 212 xxxin.
562 160 622 214 css.
636 166 673 211 ll.
726 164 773 211 tos

98 294 202 355 quidnam
212 291 317 356 pararent
326 294 432 348 incertus,
444 296 555 357 paulisper
565 296 665 343 nouitate
675 294 706 341 rei
715 308 771 341 con·

98 360 169 405 scunt
186 360 268 421 signa:
293 360 379 412 ddude,
400 368 426 406 ut
441 361 526 422 accepit
542 362 601 407 hunc
617 376 703 407 morem
720 374 771 407 esse

98 423 250 469 Macedonum
259 426 392 470 tradentium
402 440 457 478 sese,
466 440 557 486 parcere
565 426 630 473 victis
637 426 660 471 in
669 425 769 471 animum

98 488 195 535 babebat
231 488 348 536 Caeterum
364 492 393 535 ab
405 487 490 551 igraris
504 491 609 536 militibus
624 491 728 536 omissam
742 490 771 535 ab

20 571 21 574 ¹
96 553 161 599 hoste
172 568 283 614 pugnam,
300 562 324 599 et
337 555 391 614 quid
404 554 525 615 imperator
540 556 615 608 vellet,
633 555 730 615 impetus
745 554 769 601 in

95 618 185 665 eosdem
196 618 285 673 factum
302 626 332 671 et,
344 619 421 679 primis
432 620 503 672 caesis,
516 620 591 666 caeten'
601 620 624 665 in
635 619 713 681 fugam
724 618 771 665 dis·

94 681 158 745 sipati
174 690 235 728 sunt.
271 682 325 728 Rex
339 682 410 729 effisso
422 698 490 729 cursu
500 682 587 745 Tempe
597 685 659 745 petit.
696 681 730 729 Ibi
741 682 770 730 ad

94 748 194 795 Gonnos
209 748 268 793 dieras
285 762 355 793 unum
372 749 470 793 substitit
485 748 513 793 ad
529 748 678 810 excipiendos,
695 748 714 793 si
731 747 769 808 qui

94 813 175 873 psoelio
190 820 341 873 superessent.
375 812 475 858 Romani
491 814 586 859 uictores
598 814 622 858 in
633 821 705 860 castra
715 813 769 859 hos

93 878 150 923 tium
167 892 208 937 spe
225 877 308 938 pracdae
323 877 423 923 innunt:
445 892 524 923 verum
539 892 567 923 ea
582 876 665 939 magni
677 880 725 939 jain
738 890 770 923 cx

92 951 156 1003 parte
164 942 255 1002 direpta
265 942 292 987 ab
303 941 387 987 AEtolis
396 942 522 987 inveniunt
554 940 622 989 Caesa
633 957 660 987 eo
671 942 707 987 die
717 950 770 987 octo

92 1007 193 1052 bostimn
204 1006 280 1059 millia,
292 1006 389 1066 quinque
399 1014 471 1067 capta.
504 1006 543 1052 Ex
553 1005 770 1067 uictoribus-septin-

92 1073 156 1133 genti
168 1070 242 1117 ferme
252 1071 385 1117 ceciderunt.
422 1071 446 1117 Si
457 1070 549 1117 Valerio
560 1071 610 1132 quis
620 1070 702 1123 credat,
719 1084 770 1116 ons

20 1151 21 1190 j
93 1136 156 1182 nium
168 1151 245 1182 rerum
256 1136 374 1182 immodice
383 1150 502 1181 numerum
511 1137 609 1199 augenti,
621 1134 769 1199 quadraginta

20 1193 21 1244 l
93 1201 163 1247 millia
173 1201 274 1246 hostium
284 1216 313 1247 co
322 1200 359 1245 die
367 1208 420 1246 sunt
427 1214 498 1257 ωας
514 1208 579 1262 capta
589 1202 637 1263 (ubi
645 1200 769 1247 modestius

92 1266 238 1313 messdacium
249 1263 294 1325 est)
305 1266 482 1325 quinquemillia
493 1266 635 1327 septingenti,
652 1264 716 1326 signa
726 1265 770 1310 mi-

90 1330 166 1377 litaria
181 1330 278 1375 ducenta
292 1344 362 1376 unum
373 1337 397 1375 et
406 1330 559 1392 quadraginta.
595 1328 702 1376 Claudius
713 1344 771 1393 quo·

92 1410 138 1456 que
148 1396 197 1441 duo
208 1401 231 1440 et
242 1395 334 1456 triginta
347 1396 417 1442 millia
429 1395 527 1440 bostium
539 1409 598 1440 csesa
609 1394 690 1447 scribit,
706 1400 771 1454 capta

20 1469 22 1563 q
92 1468 193 1521 quatuor
206 1459 276 1506 millia
289 1468 312 1507 et
322 1467 441 1506 trecentos.
477 1459 585 1506 Nosnon
596 1458 688 1505 minimo
699 1458 771 1520 potis-

92 1527 178 1573 simum
193 1539 287 1571 numero
301 1525 440 1578 credidimus,
457 1524 496 1570 sed
510 1524 630 1586 Polybium
646 1524 717 1570 secuti
732 1539 771 1570 su-

20 1628 21 1635 ,
91 1605 152 1644 mus,
165 1605 215 1636 non
225 1590 334 1636 incertum
344 1598 465 1642 auctorem,
479 1592 533 1635 cum'
541 1590 641 1636 omnium
653 1589 769 1636 Romana·

20 1655 21 1711 l
91 1669 144 1702 nnn
155 1669 241 1708 mmm,
253 1662 301 1700 tum
311 1656 423 1716 praecipue
432 1656 456 1700 in
468 1653 559 1701 Graecini
569 1662 690 1717 gestarum.

124 1719 175 1766 xl.
195 1718 318 1781 Philippus,
331 1720 429 1766 collectis
439 1718 538 1780 exmgt,
551 1721 595 1780 qui,
607 1721 674 1766 variis
682 1720 770 1766 casibus

89 1784 295 1848 pa‘gnaedissipati,
307 1785 403 1846 vestigia
410 1786 458 1846 ejus
467 1785 537 1830 secuti
544 1784 639 1838 fuerant,
652 1785 771 1844 missisque

91 1849 211 1897 Larissam
222 1849 250 1895 sd
260 1850 431 1895 commentarios
442 1849 517 1910 regios
528 1850 695 1902 comburendos,
708 1863 737 1894 ne
745 1849 769 1894 in

89 1915 193 1962 bostium
204 1914 307 1960 venirent
316 1920 457 1976 potestatem,
473 1915 496 1958 in
508 1913 665 1960 Macedonium
676 1927 770 1960 concea-

91 1982 128 2027 sit.
165 1979 282 2033 Quintius,
294 1979 388 2040 captiuis
397 1977 517 2040 praedique
527 1979 674 2032 venumdatis,
686 1979 771 2040 partim·

20 2106 21 2109 Ἴ
91 2045 160 2092 militi
168 2044 289 2097 concessis,
302 2043 415 2090 Larissam
423 2043 585 2105 estprofectus,
595 2043 706 2090 hauddum
716 2043 770 2090 sutis

91 2125 276 2227 &albiti
286 2111 567 2236 &diffidi-{it
577 2109 767 2224 lllltpt‘li

92 2240 167 2286 donec
180 2239 312 2285 tollerentur
326 2239 354 2285 ad
369 2239 512 2300 sepulturam,
529 2238 566 2299 qui
580 2239 603 2284 iu
618 2239 665 2284 acie
676 2236 770 2282 cecidis-

92 2311 161 2361 sent;
177 2319 204 2350 re
217 2302 271 2350 ueri
285 2303 314 2349 ad
325 2303 443 2365 petendam
455 2304 542 2350 ueniam
553 2304 633 2365 legatis
643 2299 765 2348 mittendis·

20 2384 21 2427 ξ
92 2369 227 2429 Utrumque
241 2370 269 2415 ab
282 2368 388 2415 Romano
401 2368 551 2429 impetratum.
586 2368 683 2428 Adjectu
698 2371 721 2410 et
731 2363 770 2411 ills

89 2449 147 2488 vox,
170 2435 258 2480 “bono
271 2434 351 2480 animo
369 2447 419 2479 esse
437 2447 514 2494 regem
534 2441 559 2479 ut
573 2428 694 2496 juberet;¹'
717 2443 769 2489 quae

89 2501 192 2547 maxime
203 2498 295 2544 AEtolos
302 2496 402 2552 offendit,
410 2499 458 2560 jam
466 2504 586 2549 tumentes,
599 2500 767 2555 querentesque,

91 2572 109 2596 ‘⁴
115 2572 231 2611 mutatum
242 2561 336 2611 victorii
345 2562 509 2625 imperatorem.
537 2561 600 2607 Ante
610 2572 709 2620 pugnarn
718 2571 768 2603 om-

90 2631 129 2677 nia
137 2643 348 2692 msgnaparvaque
355 2627 521 2675 communicare
528 2639 580 2671 cum
589 2622 655 2669 sociis
663 2621 765 2667 solitum:

91 2695 272 2743 nunc'omnium
286 2699 390 2759 experte·
404 2687 549 2740 consiliorum
562 2701 624 2738 esses
645 2701 686 2733 suo
696 2686 769 2746 ipsum
838 2677 917 2902 ἢ
