1867 2925
210 134 341 190 'll'LWH
357 138 410 190 Lrs.
424 138 537 192 xxxn.
557 142 617 196 Cur.
631 144 671 198 89·
743 138 777 195 ΘΥ

104 268 197 327 sileret,
212 280 238 320 et
248 273 345 335 trudique
354 275 384 321 sd
394 290 419 321 se
428 276 589 325 contrahendus
599 276 666 331 vires,
677 273 778 323 maxime

108 336 239 385 &Achaia
249 340 347 393 urbibus,
364 341 462 401 regionis
476 342 503 387 ab
514 356 539 387 se
549 342 650 396 diversae,
668 349 691 387 et
702 342 775 404 mugit

107 408 180 449 umeri
190 403 218 450 de
229 404 301 465 Argis
308 419 374 465 quern
383 404 412 451 (le
420 404 530 453 Corintho
539 406 652 460 sollicitus,
666 408 775 469 optimum

107 475 166 513 nun
180 468 263 515 Nshidi
278 484 334 522 um,
353 468 575 519 Lacedaemonioruni
591 480 695 531 tyranno,
713 472 776 519 velut

105 530 240 579 fiducisrism
258 534 318 587 dere,
335 542 361 579 ut
378 536 457 581 victori
475 536 515 582 sibi
532 538 672 593 restitueret;
690 536 776 597 siquid

103 596 190 644 adversi
209 598 334 650 occidisset,
357 600 406 660 ipse
423 600 527 658 haberet;
545 599 647 654 Philocli,
672 601 710 662 qui
729 600 777 649 Co-

103 663 179 709 rintho
199 663 315 724 Argisque
332 673 435 725 praeerat,
452 666 534 719 scribit,
552 674 577 713 ut
591 674 711 727 tyrannum
729 665 777 727 ipse

102 727 243 775 conveniret.
262 726 381 781 Philocles,
393 738 540 791 praeterquam
551 732 612 792 quod
617 733 666 793 jsrn
674 731 777 781 veniebat

103 808 154 839 orm
168 807 273 846 munere,
290 793 365 854 adjicit
378 794 407 840 srl
420 796 502 856 pignus
516 796 599 843 iirturae
613 796 661 857 regi
672 811 724 841 cum
739 802 776 856 ty-

80 910 84 921 ,
103 873 175 905 ranno
183 858 298 911 amicitiae,
315 857 371 904 filias
382 874 433 905 suss
444 875 521 921 regern
533 860 627 907 Nabidis
637 860 688 906 filiis
698 860 776 907 instri-

103 924 180 969 monio
201 923 340 984 conjungere
357 924 422 969 velle
456 924 578 985 Tyrannus
596 926 668 987 primo
685 939 775 987 negare,

102 988 167 1034 aliter
181 988 262 1033 urbem
276 1002 325 1033 esni
336 1003 361 1033 se
370 996 521 1051 accepturum,
539 990 581 1036 nisi
593 990 732 1051 Argivorum
743 990 777 1051 ip-

101 1068 180 1099 sorum
201 1051 292 1098 decreto
310 1054 429 1099 arcessitus
447 1054 476 1100 nd
494 1054 599 1101 auxilium
619 1055 679 1101 urbis
701 1062 774 1101 esset:

102 1118 192 1171 binde,
211 1125 238 1163 ut
246 1117 356 1178 frequenti
366 1120 475 1166 concione
486 1134 531 1166 non
542 1120 685 1181 sdspemutos
700 1120 778 1173 morlo,¹

101 1184 142 1229 serl
150 1182 296 1229 abominstos
305 1184 372 1229 aisne
384 1198 466 1230 nomen
478 1186 566 1245 tyrsnni
581 1186 672 1238 audivit,
686 1200 776 1231 osussm

101 1263 127 1295 se
145 1247 259 1310 spolimidi
277 1262 317 1293 eos
335 1256 426 1295 neotum
445 1256 513 1302 ratus,
534 1251 627 1303 trudere,
645 1250 683 1295 ubi
700 1250 776 1302 vellet,

20 1317 21 1331 ¹
101 1315 191 1366 rubeni,
211 1310 335 1358 Philoclem
349 1314 424 1374 jussit.
459 1313 542 1367 Nocte,
563 1314 646 1377 ignaris
666 1314 775 1366 omnihus,

20 1420 21 1423 ,
101 1386 213 1440 acceptus
221 1377 247 1423 in
257 1378 334 1423 urbem
345 1384 380 1423 est
390 1385 512 1438 tyrannus:
532 1377 604 1440 primi
617 1379 668 1425 luce
683 1382 777 1438 occupet

101 1444 222 1506 superiore
243 1442 318 1488 omnis
338 1441 400 1490 locs:
426 1451 541 1505 portusque
563 1444 652 1491 ehusae.
696 1440 777 1488 Paucis

100 1509 232 1571 principum
254 1508 374 1554 tumultum
395 1509 454 1555 inter
472 1511 567 1571 primum
587 1509 674 1571 elapsis,
698 1521 776 1554 eorum

100 1574 231 1622 ὼωιίιιιιι
239 1571 331 1634 direpte
340 1573 450 1620 tortunae:
464 1576 611 1635 praesentibus
621 1588 699 1621 aurum
710 1579 777 1632 etque

100 1645 227 1702 argentum
237 1638 333 1684 sblstum
344 1655 349 1683 :
367 1639 469 1700 pecunius
480 1639 594 1702 imperstae
603 1641 719 1701 ingeniose
738 1637 776 1697 qui

99 1710 297 1753 noncsmctsnter
306 1701 428 1754 contulere,
446 1704 495 1749 sine
508 1701 643 1751 contumeliis
657 1711 680 1750 et
693 1703 776 1750 lacera·

101 1772 166 1816 tione
183 1783 304 1829 corporum
320 1776 373 1814 sunt
386 1769 483 1814 dimissi:
503 1785 559 1829 quos
573 1769 674 1816 occulere
688 1773 727 1813 sut
741 1781 778 1812 re·

20 1836 21 1840 ’
99 1837 193 1882 uaheoe
206 1833 290 1894 aliquid
306 1832 402 1894 suspicio
415 1832 465 1886 tuit,
483 1833 506 1879 in
521 1835 623 1880 servilem
637 1833 729 1879 modum
743 1831 778 1876 ls-

99 1901 173 1948 eersti
185 1907 254 1958 atque
262 1899 352 1944 extorti.
388 1897 506 1946 Concione
516 1899 569 1945 inde
579 1895 692 1950 advocati,
710 1909 777 1957 roga·

100 1967 190 2025 tionem
205 1963 357 2024 promulgarit
371 1979 438 2010 unum
456 1965 484 2010 de
498 1963 578 2010 tabulis
594 1963 666 2014 novis,
684 1962 776 2008 slterem

100 2032 132 2078 dc
143 2045 202 2092 egro
215 2028 299 2074 viritim
310 2028 429 2074 dividendo
435 2045 443 2086 ;
460 2029 515 2075 duos
524 2028 586 2074 seces
597 2028 729 2074 novantibus
740 2039 777 2072 res

20 2138 21 2145 ,
102 2094 268 2156 sdplebernin
278 2094 397 2154 optimates
407 2093 577 2140 accendendum.

20 2199 21 2207 ,
103 2187 106 2193 ‚
137 2157 266 2206 XXXIX.
286 2156 409 2219 Postquam
426 2159 450 2204 in
464 2165 575 2220 potestate
592 2157 730 2220 Argivorum
745 2153 778 2200 ci-

20 2220 21 2267 i
102 2227 164 2274 vitas
179 2232 235 2278 erat,
253 2224 309 2270 nihil
326 2226 375 2286 ejus
392 2239 480 2270 memor
498 2231 613 2284 tyrannus,
631 2239 645 2268 a
663 2237 708 2282 quo
727 2233 777 2265 eam

103 2291 227 2343 ciuitatem,
245 2297 269 2334 et
278 2304 345 2349 quem
354 2289 379 2334 in
390 2289 540 2335 conditionem
551 2288 678 2348 accepisset,
690 2285 778 2344 legatos

20 2348 21 2391 Ῐ
103 2356 205 2405 Elatiam
219 2355 248 2401 ed
263 2353 390 2408 Qtaintium,
407 2362 431 2400 et
441 2353 545 2400 Attalum
557 2353 650 2414 AEginee
661 2349 778 2394 hibernan-

20 2420 21 2423 ’
104 2430 159 2474 tem,
173 2419 251 2473 mittit,
268 2419 307 2480 qui
314 2419 449 2471 uenderent,
470 2425 485 2447 “
494 2419 572 2480 Argos
582 2418 605 2462 in
616 2418 728 2476 potestate
738 2407 778 2457 sui

20 2504 21 2519 ι
103 2499 169 2534 esse:
188 2502 216 2532 eo
227 2486 246 2531 si
260 2485 347 2531 veniret
362 2483 470 2537 Quintius
481 2483 509 2529 ud
519 2480 661 2540 colloquium,
679 2491 726 2521 non
736 2474 780 2520 dii·

106 2551 181 2603 fidere,
200 2551 240 2596 sihi
256 2550 332 2596 omnia
347 2563 400 2594 curu
417 2565 446 2594 eo
463 2541 628 2594 conventum.”
663 2539 778 2594 Quintius,

105 2625 177 2663 uteo
191 2630 283 2676 quoque
295 2613 401 2675 praesiiio
412 2611 541 2673 Philippum
556 2605 657 2658 nudare,
673 2617 725 2650 oum
740 2613 780 2646 ιιι-

20 2690 21 2703 *
106 2683 193 2730 smeret
202 2687 368 2734 remeaturum,
378 2678 450 2726 mittit
458 2675 488 2723 ed
498 2672 609 2724 Attalum,
622 2675 647 2716 ut
657 2669 685 2716 sb
695 2659 782 2727 AEgr'ni

803 2736 917 2902 ι
