1867 2925
205 153 235 201 Τ.
246 152 333 203 mvn
349 153 403 203 Lu-
417 153 545 203 xxxtu.
564 153 625 205 Car.
636 159 677 203 89.
729 154 777 201 lt!

102 282 151 330 lide
161 282 278 355 ioniique,
290 283 440 361 lampsacum
450 285 474 331 in
483 283 639 346 Hellesponto.
651 283 700 331 alite
711 283 779 329 urbs!

104 348 777 475 mutd‘ttnrtltenttnu

105 476 165 523 dato
174 484 263 523 tantum
275 478 363 523 modico
375 478 460 530 relicto,
474 477 527 523 duci
537 478 565 524 ad
576 476 724 538 Lampsacum
735 490 777 536 op·

106 541 255 603 prrgnsndum
262 542 337 604 jussit.
372 540 423 588 Nec
432 543 455 589 vi
462 549 548 589 tanturn
558 543 665 588 terrebat:
680 540 724 593 sed,
736 554 777 600 per

106 604 194 666 legatos
205 605 286 652 leniter
295 606 435 665 alloquendo,
448 606 621 669 castigandoque
631 604 777 651 temeritatem

105 676 131 714 et
148 669 303 739 pertinaciam,
327 686 388 731 spem
407 672 527 720 conabatur
545 669 623 723 facere,
640 668 709 721 brevi,
726 681 778 728 quse

106 734 364 794 peterent‘babiturou
381 734 427 789 scd,
442 750 493 781 cum
511 735 565 781 natis
580 742 603 781 et
620 734 673 796 ipsis
689 740 712 780 et
729 746 779 778 om·

48 845 55 855 0
107 798 174 844 nibus
190 799 240 845 aliis
255 806 378 860 appareret,
394 800 421 845 ab
439 814 492 861 rege
507 799 645 861 impetratam
659 812 699 844 eos
712 797 780 844 liber·

108 868 187 915 istun,
212 877 259 909 non
277 879 318 924 per
335 864 473 913 occasionem
492 870 583 925 raptam,
607 864 692 909 babere.
727 860 779 907 Ad-

107 941 249 987 versusquae
260 927 426 987 respondebant,
440 935 455 956 “
466 926 532 974 Nihil
542 942 613 987 neque
623 925 696 971 mirari
705 938 779 984 neque

109 1004 244 1038 succensere
255 992 394 1040 Antiochum
408 992 494 1044 debere,
512 992 530 1037 si
545 1006 605 1052 spem
620 988 726 1036 libertatis
736 986 780 1033 dii·

107 1053 164 1102 fern'
173 1070 223 1101 non
232 1056 287 1102 satis
297 1071 361 1115 aequo
372 1056 445 1101 animo
455 1054 610 1117 paterentur-'¹
643 1052 702 1115 Ipse¹
715 1052 780 1099 initio

108 1119 179 1172 seris,
202 1119 296 1166 naribus
314 1120 341 1165 ab
357 1119 449 1180 Epheso
467 1118 586 1180 proiectus,
604 1118 779 1179 Hellespontum

109 1183 180 1244 peu't:
200 1190 317 1229 terrestres
327 1183 401 1245 copias
412 1183 532 1244 Madytum
543 1184 631 1245 trajicit,
644 1180 779 1231 Chersonesi

108 1248 204 1294 arbean:
223 1250 323 1294 terrestri
335 1248 435 1294 navalem
445 1248 567 1295 exercitum
578 1247 666 1309 junxit:
686 1252 716 1299 et,
729 1245 781 1306 quis

108 1311 236 1359 clauserant
247 1320 330 1373 portas,
342 1312 485 1359 circumdedit
495 1311 579 1357 moenia
589 1310 690 1365 armatis3
702 1310 780 1369 etjam

109 1390 179 1436 opes
188 1376 325 1429 admoventi,
337 1375 418 1423 deditio
428 1384 464 1422 est
473 1376 538 1423 facts.
574 1373 637 1421 Idem
648 1382 721 1420 metus
731 1380 780 1417 tum

109 1440 238 1488 incolentes
248 1440 301 1488 alias
312 1438 447 1490 Chersonesi
458 1442 523 1488 urbes
533 1440 557 1486 in
568 1438 700 1486 deditionem
712 1436 779 1484 dedit.

110 1505 280 1566 Lysimachiam
298 1506 351 1554 inde
368 1507 471 1552 omnibus
489 1505 556 1552 simul
571 1503 684 1552 navalibus
699 1510 782 1550 terres·

109 1571 227 1630 tribusque
241 1571 310 1632 copiis
324 1571 399 1617 venit:
418 1585 485 1630 quam
501 1585 552 1616 cum
568 1569 676 1615 desertam
687 1583 713 1614 ac
724 1571 781 1614 stra·

109 1641 160 1680 hm
170 1650 241 1696 prope
251 1635 320 1680 ruinis
333 1635 461 1687 invenisset,
479 1637 594 1697 (ceperant
608 1640 690 1686 autem,
708 1631 781 1693 direp-

111 1707 206 1760 tamque
218 1700 362 1751 incenderant
375 1698 476 1746 Thraces
489 1700 565 1762 paucis
580 1705 632 1745 ante
648 1694 723 1757 annis)
741 1711 781 1742 cu-

110 1764 167 1825 pido
182 1779 234 1810 essm
251 1763 380 1812 restituendi
397 1763 492 1809 nobilem
510 1764 594 1816 urbem,
611 1769 635 1808 et
649 1763 700 1808 loco
715 1762 781 1808 sitam

113 1836 249 1889 opportuno,
266 1829 331 1889 cepit.
366 1827 446 1888 Itaque
463 1828 524 1873 omni
539 1825 592 1874 curi
609 1827 675 1872 simul
689 1833 723 1872 ent
740 1839 782 1886 sg-

111 1908 206 1954 gressus
224 1900 248 1941 et
262 1900 321 1940 tacta
330 1907 451 1952 murosque
461 1891 584 1944 restituere,
602 1899 625 1936 et
639 1891 718 1952 partim
729 1889 781 1935 red-

112 1958 184 2004 imere
201 1957 323 2003 servientes
333 1954 542 2017 Lysimachienses3
559 1956 638 2016 partim
654 1953 709 2016 fugi
719 1969 781 2015 spar-

113 2037 153 2068 sos
170 2037 211 2082 per
230 2020 405 2082 Hellespontian
423 2018 633 2080 Chersonesumque
651 2019 782 2080 conquirere

113 2087 304 2145 mamsbereque3
321 2085 403 2146 partim
418 2099 491 2130 novos
508 2084 606 2135 colonos,
625 2099 663 2145 spe
681 2098 782 2130 commo-

114 2151 195 2197 dorum
209 2147 330 2210 propositi,
348 2148 477 2200 adscribere,
495 2155 518 2195 et
529 2149 589 2194 omni
599 2148 666 2194 modo
676 2148 783 2208 frequen·

114 2222 171 2262 tare.
204 2214 278 2261 Simul
293 2221 319 2259 ut
332 2211 446 2258 Thracum
461 2213 629 2259 submoveretur
642 2219 723 2262 metus,
735 2209 784 2268 ipse

114 2288 178 2340 parte
188 2276 278 2324 dimidii
291 2277 428 2324 terrestrium
440 2277 552 2338 copiarum
567 2277 595 2323 ad
605 2272 782 2337 depopulandum
868 2327 870 2332 ,

114 2343 216 2406 proxima
229 2342 335 2388 'l'htsciae
349 2340 520 2402 estprofectus;
537 2347 630 2402 partein,
648 2336 783 2395 navalesque

113 2407 189 2456 socios
199 2421 286 2460 omnes,
298 2406 384 2466 reliquit
394 2406 418 2450 in
429 2406 531 2467 operibus
542 2403 665 2450 reficiendae
676 2399 744 2446 urbis.

115 2505 121 2514 .
149 2470 274 2518 xxxix
288 2471 335 2518 Sub
345 2471 389 2516 hoc
396 2479 484 2531 tempus
492 2476 515 2516 et
524 2468 552 2516 L.
565 2466 690 2516 Cornelius,
700 2464 783 2510 missus

114 2538 144 2587 nh
160 2543 238 2582 senatu
255 2536 283 2582 ad
298 2535 419 2581 dirimenda
432 2535 491 2582 inter
506 2531 643 2578 Antiochum
661 2527 784 2574 Ptolemae·

115 2612 199 2660 umque
212 2615 278 2661 reges
288 2599 416 2651 oermmina,
435 2596 566 2656 Selymbriae
581 2592 690 2638 substitit:
709 2599 732 2636 et
746 2591 786 2636 de·

116 2679 166 2716 sesa
180 2665 315 2728 legatorum,
333 2655 643 2726 unanimisadnuit,
661 2653 786 2722 nglffisst
