1867 2925
209 129 340 180 'num
356 126 577 181 mxxxvffl.
596 129 656 181 cm.
670 134 710 182 ⁵⁹.
744 137 795 184 419

105 259 244 320 'heiminsri
309 260 334 308 it.
368 257 665 322 Iupncecrimenqnoeri:
684 261 793 311 ..did

127 327 224 375 venisse.
281 326 302 372 ic
314 325 390 372 decem
400 324 487 388 legntos
498 325 564 372 simul
574 326 645 388 argui,
657 342 752 388 quorum
762 339 793 375 ex

126 391 221 438 consitio
238 389 289 437 dntn
304 405 349 452 psx
366 395 432 436 esset.
468 389 531 444 Quin
547 391 660 438 exstitisse
673 406 702 437 ex
714 392 792 439 decem

124 455 214 518 legatis,
232 456 269 516 qui
288 453 333 503 Cn
354 453 466 502 Manlium
484 463 626 501 accusarent:
652 462 727 502 temen
744 471 792 503 non

125 521 241 568 modoad
257 518 355 566 criminis
368 518 443 572 fidem,
462 519 501 565 sed
517 533 547 565 ne
560 520 589 566 sd
601 533 687 566 mnrrnn
702 520 792 582 quidem

126 585 240 646 triumphi,
253 599 302 631 enm
313 583 476 630 accusationem
486 583 589 630 veluisse.

126 683 129 690 .
159 647 230 696 LIX.
250 655 266 678 ‘⁴
283 647 318 695 At
337 645 475 712 (Herculeo
494 646 518 693 in
534 649 638 710 Scipione
652 648 713 712 ipsso
728 649 793 712 leges

125 714 188 778 pacis
202 721 228 760 ut
238 713 331 758 nimium
346 713 523 760 accommodstss
538 713 660 767 Antiocho,
678 722 793 777 suspectus

122 794 190 826 esse:
213 778 326 840 integrunt
344 778 405 824 enim
424 778 444 824 ei
463 791 558 839 regnum
576 777 693 825 relictums
717 779 794 828 omnis

121 843 240 906 possidere
251 858 303 889 eum
313 843 406 896 victum,
418 857 470 902 quae
480 849 533 888 ente
541 842 623 888 bellum
635 844 683 905 ejin
691 842 790 892 iturintz

123 909 174 956 nuri
190 915 213 954 et
223 907 310 969 ergenii
324 921 375 954 cum
386 908 432 953 vim
446 921 551 968 msgnmn
562 907 680 962 habuisset,
697 909 753 954 nihil
766 909 791 954 in

31 1021 33 1026 ,
123 971 238 1035 publicum
253 973 346 1018 relatum
353 989 361 1030 ;
379 985 445 1017 mnne
460 971 605 1032 inprivstum
619 987 717 1019 rasum·
750 972 791 1020 As

118 1051 172 1083 ¹non
180 1043 262 1098 praeter
269 1037 369 1084 omnium
381 1037 457 1082 oeidcs
468 1042 555 1081 tentum
565 1036 614 1082 suri
624 1037 755 1098 argentique
764 1037 790 1084 in

117 1101 238 1163 triumpho
259 1099 289 1147 L.
309 1101 426 1162 Scipionis,
450 1105 558 1159 qnantum
577 1115 623 1146 non
643 1101 719 1148 decem
740 1102 790 1149 eliis

125 1166 252 1227 triumphis,
269 1167 289 1212 si
304 1181 370 1212 omne
383 1167 407 1210 in
424 1179 494 1210 unum
508 1163 641 1219 conferatur,
659 1167 688 1212 sit
701 1166 790 1213 herm?

125 1228 190 1277 Nam
200 1231 253 1292 quid
263 1228 381 1276 deiinibus
392 1229 455 1290 regni
465 1228 555 1275 rheam?
572 1230 651 1276 Asiam
666 1245 755 1277 omnem
766 1237 791 1278 st

117 1295 228 1358 proxime
245 1294 344 1355 Europae
360 1294 459 1340 tenuisse
476 1293 631 1340 Antiochum?
653 1293 691 1340 Es
707 1303 791 1355 quante

114 1360 189 1422 ,regio
200 1359 259 1406 orbis
273 1366 381 1405 terrarum
396 1358 432 1412 sit,
450 1357 549 1404 sTcuro
559 1365 638 1404 monte
647 1359 670 1404 in
680 1358 790 1422 AEgoeurs
832 1404 835 1415 ,

116 1437 197 1485 usque
209 1424 338 1487 prominens
353 1437 422 1477 msre,
439 1430 495 1483 quot
512 1437 558 1469 non
573 1423 638 1471 urbes
656 1425 731 1479 modo,
749 1424 789 1472 sed

123 1497 205 1554 gentes
216 1489 366 1551 amplectatur,
385 1502 462 1533 omnes
480 1488 542 1534 scire.
577 1488 647 1535 Hanc
663 1490 786 1551 regionem,

116 1552 211 1600 'dierum
222 1554 271 1616 plus
281 1553 374 1614 triginta
381 1553 404 1597 in
412 1552 668 1613 longitudinem,·decem
677 1554 789 1601 interduo

117 1619 226 1665 unitricis
234 1618 371 1663 latitudinem
381 1622 502 1677 patentem,
512 1618 619 1677 usquead
628 1617 697 1665 Tauri
705 1619 789 1666 montis

120 1684 180 1746 juga
187 1683 301 1729 Antiocho
312 1682 428 1734 ademtam
438 1682 531 1743 expulso
539 1683 562 1727 in
570 1682 673 1729 ultimum
679 1684 788 1745 engrdum

113 1748 185 1794 ‘oriris
204 1754 319 1793 terrarum.
355 1745 423 1799 Quid,
442 1747 459 1791 si
476 1747 574 1808 gratuita
591 1762 636 1808 perr
655 1754 721 1802 esset,
737 1747 788 1809 plus

114 1812 192 1859 ¹ndirni
202 1812 222 1857 ei
233 1809 348 1872 potuisse?
364 1808 467 1873 Philippo
478 1810 539 1857 victo
555 1808 719 1866 Macedonium,
737 1810 788 1859 Ne-
879 1814 888 1827 ‘

113 1876 168 1925 bidi
185 1874 379 1929 lacedaemonem,
400 1874 512 1921 relictum:
529 1890 572 1921 nec
589 1874 684 1929 Quintio
702 1875 788 1923 crimen

113 1941 258 2001 ›quaesitums
277 1954 323 1985 non
341 1940 400 1985 enim
414 1940 516 1986 habuisse
530 1954 581 1985 eum
596 1940 727 1986 Africanum
740 1940 788 1989 irs·

113 2012 198 2062 ·trem;
215 2006 279 2066 cujus
289 2018 340 2051 cum
351 2004 423 2066 gloria
432 2004 539 2066 prodesse
547 2003 576 2050 L.
590 2005 688 2066 Scipioni
699 2005 789 2052 debuis-

124 2075 170 2122 set,
185 2070 289 2116 invidiam
300 2068 410 2115 nocuisse.
444 2068 545 2115 Tantum
555 2069 602 2115 suri
610 2070 741 2133 argentique
746 2070 787 2132 ju·

109 2132 221 2181 dicamur
236 2148 286 2181 esse
299 2134 323 2179 in
336 2134 427 2179 domum
438 2130 468 2178 L.
483 2134 592 2195 Scipionis
605 2134 698 2189 illatum,
716 2146 787 2195 qusn-

123 2204 180 2253 tum,
197 2196 292 2245 venditis
303 2198 404 2245 omnibns
414 2198 486 2251 bonis,
503 2198 573 2261 redigi
583 2210 630 2244 non
639 2206 723 2260 posset.
757 2196 787 2245 Id

108 2279 113 2305 t
122 2264 161 2310 nbi
171 2278 227 2325 ergo
237 2278 287 2310 esse
296 2264 383 2325 regium
393 2262 491 2309 curun?
505 2262 547 2323 ubi,
556 2270 592 2309 tot
600 2264 787 2311 haereditstesse·

109 2326 215 2391 ‹ceptssi’
232 2326 261 2375 ln
272 2328 345 2381 domo,
355 2342 421 2387 quam
432 2332 573 2375 sumtusnon
584 2328 733 2382 exhauserim,
745 2340 786 2375 a·

87 2418 91 2427 ’
122 2392 595 2440 stmcdehuissenovaefortunaecumulum·
607 2392 786 2453 Atesimqsud

122 2472 154 2505 ex
163 2458 227 2503 bonis
242 2458 312 2519 redigi
326 2472 372 2502 non
386 2457 463 2519 possit,
482 2471 511 2503 ex
528 2473 620 2518 corpore
635 2464 658 2504 et
672 2465 736 2519 tergo
746 2473 787 2519 per

62 2576 64 2581 Ι
121 2522 263 2569 vexationem
275 2529 298 2568 et
308 2522 453 2568 oontnmelins
464 2520 493 2567 L
506 2522 615 2583 Scipionis
625 2522 733 2583 petituros
742 2523 787 2568 ini-

122 2586 208 2644 micos3
227 2587 289 2633 utin
304 2602 414 2633 carcerem
431 2588 491 2633 inter
503 2586 564 2633 fures
579 2593 700 2633 nocturnos
714 2594 737 2634 et
753 2587 788 2632 ln·

121 2658 198 2697 trenes
216 2651 251 2697 vir
269 2651 403 2699 clarissimus
421 2651 553 2706 includatur,
576 2659 599 2698 et
619 2652 643 2697 in
665 2653 744 2698 robore
765 2656 790 2695 ot

117 2714 214 2766 tenebris
230 2716 339 2779 exspiret:
359 2716 438 2764 deinde
453 2716 526 2765 nudtn
544 2724 596 2766 nne
608 2728 718 2765 carcerem
733 2728 786 2780 pro-
