<?xml version="1.0" encoding="UTF-8"?>
<!DOCTYPE html PUBLIC "-//W3C//DTD XHTML 1.0 Transitional//EN"
    "http://www.w3.org/TR/xhtml1/DTD/xhtml1-transitional.dtd">
<html xmlns="http://www.w3.org/1999/xhtml" xml:lang="en" lang="en">
 <head>
  <title>
</title>
<meta http-equiv="Content-Type" content="text/html;charset=utf-8" />
  <meta name='ocr-system' content='tesseract 3.04.00' />
  <meta name='ocr-capabilities' content='ocr_page ocr_carea ocr_par ocr_line ocrx_word'/>
</head>
<body>
  <div class='ocr_page' id='page_1' title='image "./tliviipatavinih04caregoog_0387.png"; bbox 0 0 1867 2925; ppageno 0'>
   <div class='ocr_carea' id='block_1_1' title="bbox 209 143 805 205">
    <p class='ocr_par' dir='ltr' id='par_1_1' title="bbox 209 143 805 205">
     <span class='ocr_line' id='line_1_1' title="bbox 209 143 805 205; baseline 0.008 -5"><span class='ocrx_word' id='word_1_1' title='bbox 209 150 240 200; x_wconf 85' lang='lat' dir='ltr'>T.</span> <span class='ocrx_word' id='word_1_2' title='bbox 255 143 342 198; x_wconf 81' lang='lat' dir='ltr'>LIV&#39;lI</span> <span class='ocrx_word' id='word_1_3' title='bbox 357 147 413 198; x_wconf 71' lang='lat' dir='ltr'>Ln-</span> <span class='ocrx_word' id='word_1_4' title='bbox 424 145 581 199; x_wconf 76' lang='lat' dir='ltr'>xxxvnt</span> <span class='ocrx_word' id='word_1_5' title='bbox 600 148 661 202; x_wconf 77' lang='lat' dir='ltr'>Car.</span> <span class='ocrx_word' id='word_1_6' title='bbox 674 151 716 200; x_wconf 73' lang='lat'>22.</span> <span class='ocrx_word' id='word_1_7' title='bbox 751 155 805 205; x_wconf 69' lang='lat'>³79</span> 
     </span>
    </p>
   </div>
   <div class='ocr_carea' id='block_1_2' title="bbox 122 281 841 605">
    <p class='ocr_par' dir='ltr' id='par_1_2' title="bbox 122 281 841 605">
     <span class='ocr_line' id='line_1_2' title="bbox 122 281 803 338; baseline 0.003 -9"><span class='ocrx_word' id='word_1_8' title='bbox 122 297 176 330; x_wconf 84' lang='lat' dir='ltr'>non</span> <span class='ocrx_word' id='word_1_9' title='bbox 187 283 319 336; x_wconf 76' lang='lat' dir='ltr'>consereret</span> <span class='ocrx_word' id='word_1_10' title='bbox 329 281 406 327; x_wconf 88' lang='lat' dir='ltr'>nullus</span> <span class='ocrx_word' id='word_1_11' title='bbox 416 295 472 328; x_wconf 86' lang='lat' dir='ltr'>usus</span> <span class='ocrx_word' id='word_1_12' title='bbox 478 283 537 329; x_wconf 77' lang='lat' dir='ltr'>orat.</span> <span class='ocrx_word' id='word_1_13' title='bbox 565 282 639 336; x_wconf 83' lang='lat' dir='ltr'>Saxis,</span> <span class='ocrx_word' id='word_1_14' title='bbox 649 298 694 330; x_wconf 83' lang='lat' dir='ltr'>uec</span> <span class='ocrx_word' id='word_1_15' title='bbox 700 283 803 338; x_wconf 73' lang='lat' dir='ltr'>modiola,</span> 
     </span>
     <span class='ocr_line' id='line_1_3' title="bbox 127 344 803 408; baseline 0.004 -14"><span class='ocrx_word' id='word_1_16' title='bbox 127 355 156 394; x_wconf 90' lang='lat' dir='ltr'>ut</span> <span class='ocrx_word' id='word_1_17' title='bbox 169 363 223 408; x_wconf 84' lang='lat' dir='ltr'>quae</span> <span class='ocrx_word' id='word_1_18' title='bbox 240 362 284 392; x_wconf 93' lang='lat' dir='ltr'>non</span> <span class='ocrx_word' id='word_1_19' title='bbox 300 344 470 408; x_wconf 73' lang='lat' dir='ltr'>praeparissent,</span> <span class='ocrx_word' id='word_1_20' title='bbox 491 348 530 394; x_wconf 82' lang='lat' dir='ltr'>sod</span> <span class='ocrx_word' id='word_1_21' title='bbox 546 348 607 407; x_wconf 90' lang='lat' dir='ltr'>quod</span> <span class='ocrx_word' id='word_1_22' title='bbox 615 349 703 408; x_wconf 74' lang='lat' dir='ltr'>&#39;tuique</span> <span class='ocrx_word' id='word_1_23' title='bbox 717 356 803 397; x_wconf 77' lang='lat' dir='ltr'>temera</span> 
     </span>
     <span class='ocr_line' id='line_1_4' title="bbox 127 411 803 474; baseline 0.006 -16"><span class='ocrx_word' id='word_1_24' title='bbox 127 411 247 474; x_wconf 75' lang='lat' dir='ltr'>trepidanti</span> <span class='ocrx_word' id='word_1_25' title='bbox 258 411 285 458; x_wconf 86' lang='lat' dir='ltr'>ad</span> <span class='ocrx_word' id='word_1_26' title='bbox 295 425 387 458; x_wconf 83' lang='lat' dir='ltr'>manum</span> <span class='ocrx_word' id='word_1_27' title='bbox 400 411 505 464; x_wconf 78' lang='lat' dir='ltr'>venisset,</span> <span class='ocrx_word' id='word_1_28' title='bbox 517 420 544 458; x_wconf 90' lang='lat' dir='ltr'>ut</span> <span class='ocrx_word' id='word_1_29' title='bbox 553 413 643 465; x_wconf 79' lang='lat' dir='ltr'>insueti,</span> <span class='ocrx_word' id='word_1_30' title='bbox 655 428 697 459; x_wconf 81' lang='lat' dir='ltr'>nee</span> <span class='ocrx_word' id='word_1_31' title='bbox 704 421 753 460; x_wconf 79' lang='lat' dir='ltr'>arte</span> <span class='ocrx_word' id='word_1_32' title='bbox 760 429 803 462; x_wconf 79' lang='lat' dir='ltr'>naa</span> 
     </span>
     <span class='ocr_line' id='line_1_5' title="bbox 123 477 802 541; baseline 0.003 -18"><span class='ocrx_word' id='word_1_33' title='bbox 123 477 213 523; x_wconf 72' lang='lat' dir='ltr'>uiribus</span> <span class='ocrx_word' id='word_1_34' title='bbox 223 477 352 538; x_wconf 80' lang='lat' dir='ltr'>adjuvantes</span> <span class='ocrx_word' id='word_1_35' title='bbox 363 477 440 528; x_wconf 80' lang='lat' dir='ltr'>iotuns,</span> <span class='ocrx_word' id='word_1_36' title='bbox 447 477 586 523; x_wconf 79' lang='lat' dir='ltr'>utebantur:</span> <span class='ocrx_word' id='word_1_37' title='bbox 604 477 700 539; x_wconf 76' lang='lat' dir='ltr'>sagittis,</span> <span class='ocrx_word' id='word_1_38' title='bbox 711 480 802 541; x_wconf 79' lang='lat' dir='ltr'>glande,</span> 
     </span>
     <span class='ocr_line' id='line_1_6' title="bbox 122 540 841 605; baseline 0.001 -17"><span class='ocrx_word' id='word_1_39' title='bbox 122 541 213 605; x_wconf 66' lang='lat' dir='ltr'>‹Jaculis</span> <span class='ocrx_word' id='word_1_40' title='bbox 232 542 315 588; x_wconf 83' lang='lat' dir='ltr'>incauti</span> <span class='ocrx_word' id='word_1_41' title='bbox 335 543 364 588; x_wconf 85' lang='lat' dir='ltr'>ab</span> <span class='ocrx_word' id='word_1_42' title='bbox 380 541 443 586; x_wconf 87' lang='lat' dir='ltr'>ornni</span> <span class='ocrx_word' id='word_1_43' title='bbox 460 550 526 602; x_wconf 81' lang='lat' dir='ltr'>parte</span> <span class='ocrx_word' id='word_1_44' title='bbox 542 540 724 604; x_wconf 76' lang='lat' dir='ltr'>configebantur:</span> <span class='ocrx_word' id='word_1_45' title='bbox 750 559 802 599; x_wconf 82' lang='lat' dir='ltr'>noc,</span> <span class='ocrx_word' id='word_1_46' title='bbox 836 547 841 556; x_wconf 93' lang='lat'>&#39;</span> 
     </span>
    </p>
   </div>
   <div class='ocr_carea' id='block_1_3' title="bbox 94 603 804 2785">
    <p class='ocr_par' dir='ltr' id='par_1_3' title="bbox 94 603 804 2612">
     <span class='ocr_line' id='line_1_7' title="bbox 129 603 804 668; baseline 0.006 -16"><span class='ocrx_word' id='word_1_47' title='bbox 129 607 182 666; x_wconf 90' lang='lat' dir='ltr'>quid</span> <span class='ocrx_word' id='word_1_48' title='bbox 192 613 292 668; x_wconf 81' lang='lat' dir='ltr'>agerent,</span> <span class='ocrx_word' id='word_1_49' title='bbox 308 603 341 651; x_wconf 78' lang='lat' dir='ltr'>iri</span> <span class='ocrx_word' id='word_1_50' title='bbox 356 613 378 651; x_wconf 87' lang='lat' dir='ltr'>et</span> <span class='ocrx_word' id='word_1_51' title='bbox 393 621 476 668; x_wconf 85' lang='lat' dir='ltr'>pavore</span> <span class='ocrx_word' id='word_1_52' title='bbox 490 608 608 654; x_wconf 71' lang='lat' dir='ltr'>oboaemtis</span> <span class='ocrx_word' id='word_1_53' title='bbox 621 608 709 661; x_wconf 86' lang='lat' dir='ltr'>animis,</span> <span class='ocrx_word' id='word_1_54' title='bbox 724 623 804 656; x_wconf 70' lang='grc' dir='ltr'>οετηο-</span> 
     </span>
     <span class='ocr_line' id='line_1_8' title="bbox 127 672 803 734; baseline 0.003 -16"><span class='ocrx_word' id='word_1_55' title='bbox 127 672 194 718; x_wconf 88' lang='lat' dir='ltr'>bant:</span> <span class='ocrx_word' id='word_1_56' title='bbox 220 678 243 716; x_wconf 86' lang='lat' dir='ltr'>et</span> <span class='ocrx_word' id='word_1_57' title='bbox 262 678 325 717; x_wconf 83' lang='lat' dir='ltr'>erant</span> <span class='ocrx_word' id='word_1_58' title='bbox 341 672 472 732; x_wconf 81' lang='lat' dir='ltr'>deprehensi</span> <span class='ocrx_word' id='word_1_59' title='bbox 487 687 572 732; x_wconf 83' lang='lat' dir='ltr'>genere</span> <span class='ocrx_word' id='word_1_60' title='bbox 586 687 677 734; x_wconf 66' lang='lat' dir='ltr'>pugnae,</span> <span class='ocrx_word' id='word_1_61' title='bbox 698 672 722 718; x_wconf 89' lang='lat' dir='ltr'>in</span> <span class='ocrx_word' id='word_1_62' title='bbox 740 674 803 733; x_wconf 85' lang='lat' dir='ltr'>quod</span> 
     </span>
     <span class='ocr_line' id='line_1_9' title="bbox 127 736 801 796; baseline 0.003 -14"><span class='ocrx_word' id='word_1_63' title='bbox 127 736 221 784; x_wconf 85' lang='lat' dir='ltr'>minime</span> <span class='ocrx_word' id='word_1_64' title='bbox 232 737 277 796; x_wconf 89' lang='lat' dir='ltr'>apti</span> <span class='ocrx_word' id='word_1_65' title='bbox 289 743 349 782; x_wconf 79' lang='lat' dir='ltr'>aunt.</span> <span class='ocrx_word' id='word_1_66' title='bbox 383 736 452 789; x_wconf 82' lang='lat' dir='ltr'>Nam,</span> <span class='ocrx_word' id='word_1_67' title='bbox 469 737 657 796; x_wconf 70' lang='lat' dir='ltr'><strong>quemadmodum</strong></span> <span class='ocrx_word' id='word_1_68' title='bbox 667 737 801 794; x_wconf 85' lang='lat' dir='ltr'>comminus,</span> 
     </span>
     <span class='ocr_line' id='line_1_10' title="bbox 127 800 803 862; baseline 0.006 -16"><span class='ocrx_word' id='word_1_69' title='bbox 127 801 166 847; x_wconf 90' lang='lat' dir='ltr'>ubi</span> <span class='ocrx_word' id='word_1_70' title='bbox 177 801 273 846; x_wconf 80' lang='lat' dir='ltr'>invicem</span> <span class='ocrx_word' id='word_1_71' title='bbox 283 801 329 862; x_wconf 89' lang='lat' dir='ltr'>pati</span> <span class='ocrx_word' id='word_1_72' title='bbox 342 808 365 846; x_wconf 88' lang='lat' dir='ltr'>et</span> <span class='ocrx_word' id='word_1_73' title='bbox 379 800 462 846; x_wconf 77' lang='lat' dir='ltr'>inferre</span> <span class='ocrx_word' id='word_1_74' title='bbox 476 802 570 848; x_wconf 84' lang='lat' dir='ltr'>vulnera</span> <span class='ocrx_word' id='word_1_75' title='bbox 582 802 643 854; x_wconf 80' lang='lat' dir='ltr'>licet,</span> <span class='ocrx_word' id='word_1_76' title='bbox 658 803 760 849; x_wconf 74' lang='lat' dir='ltr'>accendit</span> <span class='ocrx_word' id='word_1_77' title='bbox 769 804 803 850; x_wconf 83' lang='lat' dir='ltr'>ira</span> 
     </span>
     <span class='ocr_line' id='line_1_11' title="bbox 127 866 802 928; baseline 0.004 -16"><span class='ocrx_word' id='word_1_78' title='bbox 127 867 216 912; x_wconf 80' lang='lat' dir='ltr'>animos</span> <span class='ocrx_word' id='word_1_79' title='bbox 226 881 319 922; x_wconf 82' lang='lat' dir='ltr'>eorum3</span> <span class='ocrx_word' id='word_1_80' title='bbox 338 866 377 919; x_wconf 65' lang='lat' dir='ltr'>ita,</span> <span class='ocrx_word' id='word_1_81' title='bbox 394 867 431 911; x_wconf 88' lang='lat' dir='ltr'>ubi</span> <span class='ocrx_word' id='word_1_82' title='bbox 446 881 476 912; x_wconf 86' lang='lat' dir='ltr'>ex</span> <span class='ocrx_word' id='word_1_83' title='bbox 489 866 579 912; x_wconf 76' lang='lat' dir='ltr'>occulto</span> <span class='ocrx_word' id='word_1_84' title='bbox 592 874 617 913; x_wconf 92' lang='lat' dir='ltr'>et</span> <span class='ocrx_word' id='word_1_85' title='bbox 629 869 707 928; x_wconf 81' lang='lat' dir='ltr'>procul</span> <span class='ocrx_word' id='word_1_86' title='bbox 716 868 802 916; x_wconf 78' lang='lat' dir='ltr'>laribus</span> 
     </span>
     <span class='ocr_line' id='line_1_12' title="bbox 128 930 801 993; baseline 0.003 -16"><span class='ocrx_word' id='word_1_87' title='bbox 128 930 180 977; x_wconf 86' lang='lat' dir='ltr'>telis</span> <span class='ocrx_word' id='word_1_88' title='bbox 188 931 339 982; x_wconf 78' lang='lat' dir='ltr'>vulnerantur,</span> <span class='ocrx_word' id='word_1_89' title='bbox 349 945 398 983; x_wconf 88' lang='lat' dir='ltr'>neo,</span> <span class='ocrx_word' id='word_1_90' title='bbox 411 947 455 991; x_wconf 92' lang='lat' dir='ltr'>quo</span> <span class='ocrx_word' id='word_1_91' title='bbox 464 939 530 977; x_wconf 85' lang='lat' dir='ltr'>ruant</span> <span class='ocrx_word' id='word_1_92' title='bbox 537 947 599 977; x_wconf 79' lang='lat' dir='ltr'>caeoo</span> <span class='ocrx_word' id='word_1_93' title='bbox 607 932 698 993; x_wconf 79' lang='lat' dir='ltr'>impetu,</span> <span class='ocrx_word' id='word_1_94' title='bbox 711 934 801 987; x_wconf 84' lang='lat' dir='ltr'>habeut,</span> 
     </span>
     <span class='ocr_line' id='line_1_13' title="bbox 127 993 803 1048; baseline 0.003 -7"><span class='ocrx_word' id='word_1_95' title='bbox 127 995 192 1041; x_wconf 80' lang='lat' dir='ltr'>velut</span> <span class='ocrx_word' id='word_1_96' title='bbox 199 993 254 1042; x_wconf 78' lang='lat' dir='ltr'>ierae</span> <span class='ocrx_word' id='word_1_97' title='bbox 265 995 387 1048; x_wconf 68' lang='lat' dir='ltr'>transfixa,</span> <span class='ocrx_word' id='word_1_98' title='bbox 399 997 422 1040; x_wconf 89' lang='lat' dir='ltr'>in</span> <span class='ocrx_word' id='word_1_99' title='bbox 434 1011 487 1042; x_wconf 84' lang='lat' dir='ltr'>suos</span> <span class='ocrx_word' id='word_1_100' title='bbox 497 1004 582 1042; x_wconf 79' lang='lat' dir='ltr'>temere</span> <span class='ocrx_word' id='word_1_101' title='bbox 591 997 716 1043; x_wconf 75' lang='lat' dir='ltr'>incurrunt·</span> <span class='ocrx_word' id='word_1_102' title='bbox 750 996 803 1043; x_wconf 82' lang='lat' dir='ltr'>Da-</span> 
     </span>
     <span class='ocr_line' id='line_1_14' title="bbox 126 1060 803 1123; baseline 0.003 -17"><span class='ocrx_word' id='word_1_103' title='bbox 126 1061 219 1121; x_wconf 81' lang='lat' dir='ltr'>tegebat</span> <span class='ocrx_word' id='word_1_104' title='bbox 232 1060 325 1107; x_wconf 79' lang='lat' dir='ltr'>vulnera</span> <span class='ocrx_word' id='word_1_105' title='bbox 339 1075 424 1114; x_wconf 78' lang='lat' dir='ltr'>sonim,</span> <span class='ocrx_word' id='word_1_106' title='bbox 441 1061 501 1120; x_wconf 90' lang='lat' dir='ltr'>quod</span> <span class='ocrx_word' id='word_1_107' title='bbox 516 1061 569 1107; x_wconf 88' lang='lat' dir='ltr'>nudi</span> <span class='ocrx_word' id='word_1_108' title='bbox 583 1069 693 1123; x_wconf 78' lang='lat' dir='ltr'>pugnant,</span> <span class='ocrx_word' id='word_1_109' title='bbox 710 1069 734 1108; x_wconf 80' lang='lat' dir='ltr'>et</span> <span class='ocrx_word' id='word_1_110' title='bbox 749 1068 803 1108; x_wconf 89' lang='lat' dir='ltr'>sunt</span> 
     </span>
     <span class='ocr_line' id='line_1_15' title="bbox 127 1124 801 1187; baseline 0.003 -17"><span class='ocrx_word' id='word_1_111' title='bbox 127 1124 180 1171; x_wconf 81' lang='lat' dir='ltr'>susa</span> <span class='ocrx_word' id='word_1_112' title='bbox 195 1131 219 1170; x_wconf 83' lang='lat' dir='ltr'>et</span> <span class='ocrx_word' id='word_1_113' title='bbox 235 1124 326 1171; x_wconf 84' lang='lat' dir='ltr'>candida</span> <span class='ocrx_word' id='word_1_114' title='bbox 342 1141 441 1186; x_wconf 84' lang='lat' dir='ltr'>corpora,</span> <span class='ocrx_word' id='word_1_115' title='bbox 460 1134 486 1172; x_wconf 86' lang='lat' dir='ltr'>ut</span> <span class='ocrx_word' id='word_1_116' title='bbox 502 1141 554 1186; x_wconf 77' lang='lat' dir='ltr'>quae</span> <span class='ocrx_word' id='word_1_117' title='bbox 570 1140 693 1187; x_wconf 86' lang='lat' dir='ltr'>nunquam,</span> <span class='ocrx_word' id='word_1_118' title='bbox 714 1127 757 1173; x_wconf 89' lang='lat' dir='ltr'>nisi</span> <span class='ocrx_word' id='word_1_119' title='bbox 777 1127 801 1172; x_wconf 91' lang='lat' dir='ltr'>in</span> 
     </span>
     <span class='ocr_line' id='line_1_16' title="bbox 128 1187 802 1252; baseline 0.007 -18"><span class='ocrx_word' id='word_1_120' title='bbox 128 1187 213 1252; x_wconf 76' lang='lat' dir='ltr'>pugni,</span> <span class='ocrx_word' id='word_1_121' title='bbox 226 1190 347 1236; x_wconf 82' lang='lat' dir='ltr'>nudentur:</span> <span class='ocrx_word' id='word_1_122' title='bbox 367 1191 398 1236; x_wconf 90' lang='lat' dir='ltr'>ita</span> <span class='ocrx_word' id='word_1_123' title='bbox 408 1196 431 1236; x_wconf 91' lang='lat' dir='ltr'>et</span> <span class='ocrx_word' id='word_1_124' title='bbox 442 1191 493 1252; x_wconf 84' lang='lat' dir='ltr'>plus</span> <span class='ocrx_word' id='word_1_125' title='bbox 503 1193 619 1252; x_wconf 82' lang='lat' dir='ltr'>sanguinis</span> <span class='ocrx_word' id='word_1_126' title='bbox 629 1207 643 1237; x_wconf 82' lang='lat' dir='ltr'>a</span> <span class='ocrx_word' id='word_1_127' title='bbox 652 1189 724 1238; x_wconf 73' lang='lat' dir='ltr'>multi</span> <span class='ocrx_word' id='word_1_128' title='bbox 733 1207 802 1239; x_wconf 85' lang='lat' dir='ltr'>carne</span> 
     </span>
     <span class='ocr_line' id='line_1_17' title="bbox 126 1253 801 1318; baseline 0.003 -17"><span class='ocrx_word' id='word_1_129' title='bbox 126 1253 267 1307; x_wconf 71' lang='lat' dir='ltr'>tundebatur,</span> <span class='ocrx_word' id='word_1_130' title='bbox 280 1262 303 1300; x_wconf 88' lang='lat' dir='ltr'>et</span> <span class='ocrx_word' id='word_1_131' title='bbox 310 1254 416 1302; x_wconf 85' lang='lat' dir='ltr'>foediores</span> <span class='ocrx_word' id='word_1_132' title='bbox 422 1257 528 1316; x_wconf 81' lang='lat' dir='ltr'>patebant</span> <span class='ocrx_word' id='word_1_133' title='bbox 536 1257 616 1318; x_wconf 77' lang='lat' dir='ltr'>plagae,</span> <span class='ocrx_word' id='word_1_134' title='bbox 627 1263 652 1302; x_wconf 82' lang='lat' dir='ltr'>et</span> <span class='ocrx_word' id='word_1_135' title='bbox 659 1257 743 1303; x_wconf 82' lang='lat' dir='ltr'>candor</span> <span class='ocrx_word' id='word_1_136' title='bbox 750 1272 801 1303; x_wconf 85' lang='lat' dir='ltr'>eor·</span> 
     </span>
     <span class='ocr_line' id='line_1_18' title="bbox 125 1320 800 1382; baseline 0.004 -18"><span class='ocrx_word' id='word_1_137' title='bbox 125 1334 209 1382; x_wconf 86' lang='lat' dir='ltr'>porum</span> <span class='ocrx_word' id='word_1_138' title='bbox 224 1320 298 1380; x_wconf 79' lang='lat' dir='ltr'>magis</span> <span class='ocrx_word' id='word_1_139' title='bbox 314 1320 422 1380; x_wconf 85' lang='lat' dir='ltr'>sanguine</span> <span class='ocrx_word' id='word_1_140' title='bbox 435 1328 486 1366; x_wconf 87' lang='lat' dir='ltr'>atro</span> <span class='ocrx_word' id='word_1_141' title='bbox 501 1321 659 1367; x_wconf 85' lang='lat' dir='ltr'>maculabatur.</span> <span class='ocrx_word' id='word_1_142' title='bbox 695 1321 739 1367; x_wconf 85' lang='lat' dir='ltr'>Sed</span> <span class='ocrx_word' id='word_1_143' title='bbox 754 1336 800 1367; x_wconf 92' lang='lat' dir='ltr'>non</span> 
     </span>
     <span class='ocr_line' id='line_1_19' title="bbox 127 1383 801 1449; baseline 0.006 -21"><span class='ocrx_word' id='word_1_144' title='bbox 127 1391 175 1431; x_wconf 87' lang='lat' dir='ltr'>tam</span> <span class='ocrx_word' id='word_1_145' title='bbox 193 1385 319 1445; x_wconf 84' lang='lat' dir='ltr'>patentibus</span> <span class='ocrx_word' id='word_1_146' title='bbox 338 1385 410 1446; x_wconf 84' lang='lat' dir='ltr'>plagis</span> <span class='ocrx_word' id='word_1_147' title='bbox 428 1393 563 1435; x_wconf 76' lang='lat' dir='ltr'>moventurt</span> <span class='ocrx_word' id='word_1_148' title='bbox 578 1385 697 1449; x_wconf 46' lang='lat' dir='ltr'>‚interdum</span> <span class='ocrx_word' id='word_1_149' title='bbox 715 1383 801 1445; x_wconf 76' lang='lat' dir='ltr'>insaotti</span> 
     </span>
     <span class='ocr_line' id='line_1_20' title="bbox 127 1449 801 1513; baseline 0.001 -16"><span class='ocrx_word' id='word_1_150' title='bbox 127 1455 187 1503; x_wconf 83' lang='lat' dir='ltr'>cute,</span> <span class='ocrx_word' id='word_1_151' title='bbox 200 1449 237 1495; x_wconf 90' lang='lat' dir='ltr'>ubi</span> <span class='ocrx_word' id='word_1_152' title='bbox 247 1449 312 1496; x_wconf 88' lang='lat' dir='ltr'>latior</span> <span class='ocrx_word' id='word_1_153' title='bbox 323 1466 390 1510; x_wconf 81' lang='lat' dir='ltr'>quarn</span> <span class='ocrx_word' id='word_1_154' title='bbox 401 1449 466 1497; x_wconf 88' lang='lat' dir='ltr'>altior</span> <span class='ocrx_word' id='word_1_155' title='bbox 475 1451 542 1513; x_wconf 75' lang='lat' dir='ltr'>plaga</span> <span class='ocrx_word' id='word_1_156' title='bbox 551 1459 594 1504; x_wconf 83' lang='lat' dir='ltr'>eat,</span> <span class='ocrx_word' id='word_1_157' title='bbox 606 1450 673 1498; x_wconf 87' lang='lat' dir='ltr'>etiam</span> <span class='ocrx_word' id='word_1_158' title='bbox 680 1451 801 1512; x_wconf 71' lang='lat' dir='ltr'><strong>gloriosius</strong></span> 
     </span>
     <span class='ocr_line' id='line_1_21' title="bbox 126 1514 800 1578; baseline 0 -16"><span class='ocrx_word' id='word_1_159' title='bbox 126 1531 153 1562; x_wconf 82' lang='lat' dir='ltr'>se</span> <span class='ocrx_word' id='word_1_160' title='bbox 168 1530 268 1576; x_wconf 82' lang='lat' dir='ltr'>pugnare</span> <span class='ocrx_word' id='word_1_161' title='bbox 280 1520 366 1575; x_wconf 82' lang='lat' dir='ltr'>putant.</span> <span class='ocrx_word' id='word_1_162' title='bbox 401 1514 482 1569; x_wconf 79' lang='lat' dir='ltr'>Iidem,</span> <span class='ocrx_word' id='word_1_163' title='bbox 498 1532 550 1562; x_wconf 90' lang='lat' dir='ltr'>curn</span> <span class='ocrx_word' id='word_1_164' title='bbox 560 1516 650 1562; x_wconf 71' lang='lat' dir='ltr'>aculon</span> <span class='ocrx_word' id='word_1_165' title='bbox 661 1517 751 1578; x_wconf 78' lang='lat' dir='ltr'>sagittas</span> <span class='ocrx_word' id='word_1_166' title='bbox 761 1524 800 1563; x_wconf 90' lang='lat' dir='ltr'>aut</span> 
     </span>
     <span class='ocr_line' id='line_1_22' title="bbox 126 1578 800 1644; baseline 0.003 -18"><span class='ocrx_word' id='word_1_167' title='bbox 126 1580 223 1643; x_wconf 83' lang='lat' dir='ltr'>glandis,</span> <span class='ocrx_word' id='word_1_168' title='bbox 244 1578 324 1625; x_wconf 84' lang='lat' dir='ltr'>abditae</span> <span class='ocrx_word' id='word_1_169' title='bbox 339 1580 456 1633; x_wconf 74' lang='lat' dir='ltr'>introrsus,</span> <span class='ocrx_word' id='word_1_170' title='bbox 478 1582 539 1627; x_wconf 82' lang='lat' dir='ltr'>tenui</span> <span class='ocrx_word' id='word_1_171' title='bbox 555 1581 647 1628; x_wconf 81' lang='lat' dir='ltr'>vulnere</span> <span class='ocrx_word' id='word_1_172' title='bbox 661 1582 687 1626; x_wconf 90' lang='lat' dir='ltr'>in</span> <span class='ocrx_word' id='word_1_173' title='bbox 703 1582 800 1644; x_wconf 83' lang='lat' dir='ltr'>speeiem</span> 
     </span>
     <span class='ocr_line' id='line_1_23' title="bbox 127 1642 799 1709; baseline 0.003 -18"><span class='ocrx_word' id='word_1_174' title='bbox 127 1645 180 1697; x_wconf 79' lang='lat' dir='ltr'>urit</span> <span class='ocrx_word' id='word_1_175' title='bbox 193 1651 216 1691; x_wconf 83' lang='lat' dir='ltr'>ot</span> <span class='ocrx_word' id='word_1_176' title='bbox 232 1651 357 1690; x_wconf 80' lang='lat' dir='ltr'>scrutantes</span> <span class='ocrx_word' id='word_1_177' title='bbox 369 1642 431 1706; x_wconf 85' lang='lat' dir='ltr'>[quae</span> <span class='ocrx_word' id='word_1_178' title='bbox 439 1645 544 1709; x_wconf 79' lang='lat' dir='ltr'>vellant]</span> <span class='ocrx_word' id='word_1_179' title='bbox 552 1647 623 1692; x_wconf 83' lang='lat' dir='ltr'>telum</span> <span class='ocrx_word' id='word_1_180' title='bbox 631 1661 676 1693; x_wconf 91' lang='lat' dir='ltr'>non</span> <span class='ocrx_word' id='word_1_181' title='bbox 686 1648 799 1707; x_wconf 78' lang='lat' dir='ltr'>sequitur3</span> 
     </span>
     <span class='ocr_line' id='line_1_24' title="bbox 127 1708 800 1774; baseline 0.001 -18"><span class='ocrx_word' id='word_1_182' title='bbox 127 1717 185 1762; x_wconf 85' lang='lat' dir='ltr'>tum,</span> <span class='ocrx_word' id='word_1_183' title='bbox 205 1710 228 1755; x_wconf 86' lang='lat' dir='ltr'>in</span> <span class='ocrx_word' id='word_1_184' title='bbox 248 1708 329 1755; x_wconf 86' lang='lat' dir='ltr'>rabiem</span> <span class='ocrx_word' id='word_1_185' title='bbox 348 1716 371 1755; x_wconf 81' lang='lat' dir='ltr'>et</span> <span class='ocrx_word' id='word_1_186' title='bbox 390 1710 498 1769; x_wconf 86' lang='lat' dir='ltr'>pudorem</span> <span class='ocrx_word' id='word_1_187' title='bbox 516 1718 562 1757; x_wconf 84' lang='lat' dir='ltr'>tum</span> <span class='ocrx_word' id='word_1_188' title='bbox 579 1726 654 1771; x_wconf 80' lang='lat' dir='ltr'>parvae</span> <span class='ocrx_word' id='word_1_189' title='bbox 669 1713 800 1774; x_wconf 78' lang='lat' dir='ltr'>perimentis</span> 
     </span>
     <span class='ocr_line' id='line_1_25' title="bbox 123 1774 799 1837; baseline 0.003 -17"><span class='ocrx_word' id='word_1_190' title='bbox 123 1774 197 1837; x_wconf 85' lang='lat' dir='ltr'>pestis</span> <span class='ocrx_word' id='word_1_191' title='bbox 207 1774 274 1826; x_wconf 79' lang='lat' dir='ltr'>versi,</span> <span class='ocrx_word' id='word_1_192' title='bbox 289 1780 434 1835; x_wconf 84' lang='lat' dir='ltr'>prosternunt</span> <span class='ocrx_word' id='word_1_193' title='bbox 444 1789 539 1835; x_wconf 86' lang='lat' dir='ltr'>corpora</span> <span class='ocrx_word' id='word_1_194' title='bbox 552 1776 623 1828; x_wconf 86' lang='lat' dir='ltr'>humi,</span> <span class='ocrx_word' id='word_1_195' title='bbox 638 1776 671 1822; x_wconf 88' lang='lat' dir='ltr'>sio</span> <span class='ocrx_word' id='word_1_196' title='bbox 681 1783 707 1821; x_wconf 93' lang='lat' dir='ltr'>ut</span> <span class='ocrx_word' id='word_1_197' title='bbox 716 1777 799 1837; x_wconf 88' lang='lat' dir='ltr'>passim</span> 
     </span>
     <span class='ocr_line' id='line_1_26' title="bbox 125 1838 801 1902; baseline 0.001 -17"><span class='ocrx_word' id='word_1_198' title='bbox 125 1838 306 1902; x_wconf 76' lang='lat' dir='ltr'>procumberent.</span> <span class='ocrx_word' id='word_1_199' title='bbox 332 1839 387 1892; x_wconf 81' lang='lat' dir='ltr'>Alii,</span> <span class='ocrx_word' id='word_1_200' title='bbox 399 1846 490 1885; x_wconf 81' lang='lat' dir='ltr'>ruentes</span> <span class='ocrx_word' id='word_1_201' title='bbox 499 1840 523 1884; x_wconf 91' lang='lat' dir='ltr'>in</span> <span class='ocrx_word' id='word_1_202' title='bbox 531 1840 627 1892; x_wconf 80' lang='lat' dir='ltr'>hostem,</span> <span class='ocrx_word' id='word_1_203' title='bbox 639 1839 737 1899; x_wconf 86' lang='lat' dir='ltr'>undique</span> <span class='ocrx_word' id='word_1_204' title='bbox 745 1855 801 1886; x_wconf 88' lang='lat' dir='ltr'>oon·</span> 
     </span>
     <span class='ocr_line' id='line_1_27' title="bbox 125 1904 800 1966; baseline 0.003 -17"><span class='ocrx_word' id='word_1_205' title='bbox 125 1905 263 1965; x_wconf 74' lang='lat' dir='ltr'>figebantur:</span> <span class='ocrx_word' id='word_1_206' title='bbox 282 1910 315 1955; x_wconf 79' lang='lat' dir='ltr'>et,</span> <span class='ocrx_word' id='word_1_207' title='bbox 324 1918 376 1948; x_wconf 88' lang='lat' dir='ltr'>oum</span> <span class='ocrx_word' id='word_1_208' title='bbox 385 1904 511 1950; x_wconf 85' lang='lat' dir='ltr'>comminus</span> <span class='ocrx_word' id='word_1_209' title='bbox 518 1911 634 1956; x_wconf 80' lang='lat' dir='ltr'>venerant,</span> <span class='ocrx_word' id='word_1_210' title='bbox 644 1904 725 1966; x_wconf 83' lang='lat' dir='ltr'>gladiis</span> <span class='ocrx_word' id='word_1_211' title='bbox 734 1920 750 1951; x_wconf 87' lang='lat' dir='ltr'>a</span> <span class='ocrx_word' id='word_1_212' title='bbox 758 1920 800 1951; x_wconf 80' lang='lat' dir='ltr'>ve-</span> 
     </span>
     <span class='ocr_line' id='line_1_28' title="bbox 124 1968 799 2030; baseline 0 -14"><span class='ocrx_word' id='word_1_213' title='bbox 124 1970 203 2017; x_wconf 85' lang='lat' dir='ltr'>litibus</span> <span class='ocrx_word' id='word_1_214' title='bbox 217 1968 391 2014; x_wconf 75' lang='lat' dir='ltr'>trucidabantur.</span> <span class='ocrx_word' id='word_1_215' title='bbox 425 1968 474 2013; x_wconf 80' lang='lat' dir='ltr'>Hie</span> <span class='ocrx_word' id='word_1_216' title='bbox 485 1969 549 2014; x_wconf 78' lang='lat' dir='ltr'>milas</span> <span class='ocrx_word' id='word_1_217' title='bbox 559 1969 689 2029; x_wconf 78' lang='lat' dir='ltr'>tripedalem</span> <span class='ocrx_word' id='word_1_218' title='bbox 699 1984 799 2030; x_wconf 84' lang='lat' dir='ltr'>parmam</span> 
     </span>
     <span class='ocr_line' id='line_1_29' title="bbox 126 2032 800 2095; baseline -0.001 -14"><span class='ocrx_word' id='word_1_219' title='bbox 126 2034 201 2085; x_wconf 82' lang='lat' dir='ltr'>habet,</span> <span class='ocrx_word' id='word_1_220' title='bbox 213 2040 236 2079; x_wconf 89' lang='lat' dir='ltr'>et</span> <span class='ocrx_word' id='word_1_221' title='bbox 247 2033 269 2077; x_wconf 90' lang='lat' dir='ltr'>in</span> <span class='ocrx_word' id='word_1_222' title='bbox 280 2032 360 2079; x_wconf 75' lang='lat' dir='ltr'>dextri</span> <span class='ocrx_word' id='word_1_223' title='bbox 370 2035 451 2085; x_wconf 86' lang='lat' dir='ltr'>hastas,</span> <span class='ocrx_word' id='word_1_224' title='bbox 463 2032 543 2094; x_wconf 69' lang='lat' dir='ltr'>quous</span> <span class='ocrx_word' id='word_1_225' title='bbox 553 2033 641 2079; x_wconf 80' lang='lat' dir='ltr'>eminus</span> <span class='ocrx_word' id='word_1_226' title='bbox 651 2034 733 2080; x_wconf 79' lang='lat' dir='ltr'>utitur:</span> <span class='ocrx_word' id='word_1_227' title='bbox 750 2035 800 2095; x_wconf 80' lang='lat' dir='ltr'>gla-</span> 
     </span>
     <span class='ocr_line' id='line_1_30' title="bbox 127 2097 800 2159; baseline 0.001 -15"><span class='ocrx_word' id='word_1_228' title='bbox 127 2099 166 2145; x_wconf 90' lang='lat' dir='ltr'>dio</span> <span class='ocrx_word' id='word_1_229' title='bbox 185 2097 331 2159; x_wconf 80' lang='lat' dir='ltr'>Hispaniensi</span> <span class='ocrx_word' id='word_1_230' title='bbox 349 2104 384 2143; x_wconf 87' lang='lat' dir='ltr'>est</span> <span class='ocrx_word' id='word_1_231' title='bbox 403 2097 506 2143; x_wconf 81' lang='lat' dir='ltr'>cinctus:</span> <span class='ocrx_word' id='word_1_232' title='bbox 530 2098 590 2158; x_wconf 91' lang='lat' dir='ltr'>quod</span> <span class='ocrx_word' id='word_1_233' title='bbox 608 2099 628 2144; x_wconf 87' lang='lat' dir='ltr'>si</span> <span class='ocrx_word' id='word_1_234' title='bbox 645 2098 704 2159; x_wconf 73' lang='lat' dir='ltr'>pods</span> <span class='ocrx_word' id='word_1_235' title='bbox 716 2098 800 2145; x_wconf 80' lang='lat' dir='ltr'>collato</span> 
     </span>
     <span class='ocr_line' id='line_1_31' title="bbox 126 2162 801 2227; baseline 0.001 -19"><span class='ocrx_word' id='word_1_236' title='bbox 126 2163 273 2227; x_wconf 84' lang='lat' dir='ltr'>pugnandum</span> <span class='ocrx_word' id='word_1_237' title='bbox 290 2170 332 2215; x_wconf 77' lang='lat' dir='ltr'>est,</span> <span class='ocrx_word' id='word_1_238' title='bbox 349 2162 461 2209; x_wconf 84' lang='lat' dir='ltr'>translatis</span> <span class='ocrx_word' id='word_1_239' title='bbox 477 2163 500 2207; x_wconf 88' lang='lat' dir='ltr'>in</span> <span class='ocrx_word' id='word_1_240' title='bbox 516 2163 597 2209; x_wconf 80' lang='lat' dir='ltr'>laevarn</span> <span class='ocrx_word' id='word_1_241' title='bbox 614 2164 691 2216; x_wconf 85' lang='lat' dir='ltr'>hastis,</span> <span class='ocrx_word' id='word_1_242' title='bbox 709 2164 801 2224; x_wconf 74' lang='lat' dir='ltr'>stringit</span> 
     </span>
     <span class='ocr_line' id='line_1_32' title="bbox 124 2226 801 2290; baseline 0 -16"><span class='ocrx_word' id='word_1_243' title='bbox 124 2228 234 2290; x_wconf 81' lang='lat' dir='ltr'>gladium.</span> <span class='ocrx_word' id='word_1_244' title='bbox 263 2226 331 2274; x_wconf 85' lang='lat' dir='ltr'>Pauci</span> <span class='ocrx_word' id='word_1_245' title='bbox 340 2235 470 2289; x_wconf 83' lang='lat' dir='ltr'>supererant</span> <span class='ocrx_word' id='word_1_246' title='bbox 475 2229 524 2289; x_wconf 83' lang='lat' dir='ltr'>jara</span> <span class='ocrx_word' id='word_1_247' title='bbox 533 2228 664 2275; x_wconf 84' lang='lat' dir='ltr'>Gallorum:</span> <span class='ocrx_word' id='word_1_248' title='bbox 677 2229 725 2288; x_wconf 88' lang='lat' dir='ltr'>qui,</span> <span class='ocrx_word' id='word_1_249' title='bbox 737 2235 801 2289; x_wconf 68' lang='lat' dir='ltr'>post</span> 
     </span>
     <span class='ocr_line' id='line_1_33' title="bbox 126 2290 800 2354; baseline 0 -15"><span class='ocrx_word' id='word_1_250' title='bbox 126 2308 195 2354; x_wconf 87' lang='lat' dir='ltr'>quarn</span> <span class='ocrx_word' id='word_1_251' title='bbox 204 2294 231 2339; x_wconf 90' lang='lat' dir='ltr'>ab</span> <span class='ocrx_word' id='word_1_252' title='bbox 239 2292 283 2339; x_wconf 84' lang='lat' dir='ltr'>levi</span> <span class='ocrx_word' id='word_1_253' title='bbox 292 2290 402 2338; x_wconf 79' lang='lat' dir='ltr'>annuturd</span> <span class='ocrx_word' id='word_1_254' title='bbox 411 2299 526 2353; x_wconf 83' lang='lat' dir='ltr'>superatos</span> <span class='ocrx_word' id='word_1_255' title='bbox 533 2308 559 2339; x_wconf 85' lang='lat' dir='ltr'>se</span> <span class='ocrx_word' id='word_1_256' title='bbox 566 2293 676 2346; x_wconf 81' lang='lat' dir='ltr'>viderunt,</span> <span class='ocrx_word' id='word_1_257' title='bbox 685 2299 709 2339; x_wconf 80' lang='lat' dir='ltr'>et</span> <span class='ocrx_word' id='word_1_258' title='bbox 715 2292 800 2339; x_wconf 82' lang='lat' dir='ltr'>instare</span> 
     </span>
     <span class='ocr_line' id='line_1_34' title="bbox 126 2355 799 2420; baseline 0 -17"><span class='ocrx_word' id='word_1_259' title='bbox 126 2358 243 2420; x_wconf 80' lang='lat' dir='ltr'>legionum</span> <span class='ocrx_word' id='word_1_260' title='bbox 257 2357 328 2419; x_wconf 82' lang='lat' dir='ltr'>signa,</span> <span class='ocrx_word' id='word_1_261' title='bbox 344 2355 414 2403; x_wconf 78' lang='lat' dir='ltr'>effusi</span> <span class='ocrx_word' id='word_1_262' title='bbox 427 2355 483 2418; x_wconf 76' lang='lat' dir='ltr'>iugi</span> <span class='ocrx_word' id='word_1_263' title='bbox 497 2365 569 2403; x_wconf 83' lang='lat' dir='ltr'>castra</span> <span class='ocrx_word' id='word_1_264' title='bbox 584 2364 694 2419; x_wconf 82' lang='lat' dir='ltr'>repetunt,</span> <span class='ocrx_word' id='word_1_265' title='bbox 708 2358 799 2418; x_wconf 75' lang='lat' dir='ltr'>pavoris</span> 
     </span>
     <span class='ocr_line' id='line_1_35' title="bbox 127 2421 800 2483; baseline 0.001 -15"><span class='ocrx_word' id='word_1_266' title='bbox 127 2430 151 2469; x_wconf 80' lang='lat' dir='ltr'>et</span> <span class='ocrx_word' id='word_1_267' title='bbox 162 2421 273 2468; x_wconf 78' lang='lat' dir='ltr'>turnultus</span> <span class='ocrx_word' id='word_1_268' title='bbox 283 2422 331 2483; x_wconf 85' lang='lat' dir='ltr'>jam</span> <span class='ocrx_word' id='word_1_269' title='bbox 346 2422 425 2482; x_wconf 88' lang='lat' dir='ltr'>plena;</span> <span class='ocrx_word' id='word_1_270' title='bbox 443 2429 468 2467; x_wconf 90' lang='lat' dir='ltr'>ut</span> <span class='ocrx_word' id='word_1_271' title='bbox 482 2423 518 2467; x_wconf 89' lang='lat' dir='ltr'>ubi</span> <span class='ocrx_word' id='word_1_272' title='bbox 532 2422 630 2474; x_wconf 74' lang='lat' dir='ltr'>seminar,</span> <span class='ocrx_word' id='word_1_273' title='bbox 646 2422 760 2482; x_wconf 73' lang='lat' dir='ltr'>piletique,</span> <span class='ocrx_word' id='word_1_274' title='bbox 774 2428 800 2469; x_wconf 82' lang='lat' dir='ltr'>at</span> 
     </span>
     <span class='ocr_line' id='line_1_36' title="bbox 126 2485 800 2546; baseline 0 -13"><span class='ocrx_word' id='word_1_275' title='bbox 126 2486 171 2533; x_wconf 85' lang='lat' dir='ltr'>alia</span> <span class='ocrx_word' id='word_1_276' title='bbox 179 2486 274 2533; x_wconf 76' lang='lat' dir='ltr'>imbellis</span> <span class='ocrx_word' id='word_1_277' title='bbox 285 2487 348 2532; x_wconf 90' lang='lat' dir='ltr'>turba</span> <span class='ocrx_word' id='word_1_278' title='bbox 358 2486 468 2546; x_wconf 84' lang='lat' dir='ltr'>permixta</span> <span class='ocrx_word' id='word_1_279' title='bbox 478 2494 544 2532; x_wconf 81' lang='lat' dir='ltr'>esset</span> <span class='ocrx_word' id='word_1_280' title='bbox 573 2485 691 2531; x_wconf 87' lang='lat' dir='ltr'>Romanos</span> <span class='ocrx_word' id='word_1_281' title='bbox 702 2485 800 2533; x_wconf 74' lang='lat' dir='ltr'>victores</span> 
     </span>
     <span class='ocr_line' id='line_1_37' title="bbox 94 2547 625 2612; baseline -0.004 -15"><span class='ocrx_word' id='word_1_282' title='bbox 94 2606 97 2611; x_wconf 23' lang='grc' dir='ltr'><strong>Δ</strong></span> <span class='ocrx_word' id='word_1_283' title='bbox 122 2550 209 2597; x_wconf 84' lang='lat' dir='ltr'>deserti</span> <span class='ocrx_word' id='word_1_284' title='bbox 218 2547 275 2612; x_wconf 79' lang='lat' dir='ltr'>fugi</span> <span class='ocrx_word' id='word_1_285' title='bbox 284 2551 382 2597; x_wconf 85' lang='lat' dir='ltr'>hostiurn</span> <span class='ocrx_word' id='word_1_286' title='bbox 392 2557 526 2611; x_wconf 74' lang='lat' dir='ltr'>aocepfflrnt</span> <span class='ocrx_word' id='word_1_287' title='bbox 535 2550 625 2595; x_wconf 76' lang='lat' dir='ltr'>tumuli·</span> 
     </span>
    </p>

    <p class='ocr_par' dir='ltr' id='par_1_4' title="bbox 117 2611 799 2747">
     <span class='ocr_line' id='line_1_38' title="bbox 160 2611 798 2675; baseline -0.008 -10"><span class='ocrx_word' id='word_1_288' title='bbox 160 2613 249 2665; x_wconf 84' lang='lat' dir='ltr'>XXII.</span> <span class='ocrx_word' id='word_1_289' title='bbox 269 2614 317 2661; x_wconf 82' lang='lat' dir='ltr'>Sub</span> <span class='ocrx_word' id='word_1_290' title='bbox 327 2614 388 2660; x_wconf 81' lang='lat' dir='ltr'>idern</span> <span class='ocrx_word' id='word_1_291' title='bbox 402 2621 494 2675; x_wconf 82' lang='lat' dir='ltr'>tempus</span> <span class='ocrx_word' id='word_1_292' title='bbox 506 2613 538 2658; x_wconf 83' lang='lat' dir='ltr'>L.</span> <span class='ocrx_word' id='word_1_293' title='bbox 546 2612 648 2659; x_wconf 86' lang='lat' dir='ltr'>Manlius</span> <span class='ocrx_word' id='word_1_294' title='bbox 661 2620 686 2659; x_wconf 80' lang='lat' dir='ltr'>at</span> <span class='ocrx_word' id='word_1_295' title='bbox 695 2611 727 2662; x_wconf 81' lang='lat' dir='ltr'>C.</span> <span class='ocrx_word' id='word_1_296' title='bbox 737 2613 798 2660; x_wconf 84' lang='lat' dir='ltr'>Hel-</span> 
     </span>
     <span class='ocr_line' id='line_1_39' title="bbox 117 2675 799 2747; baseline 0 -22"><span class='ocrx_word' id='word_1_297' title='bbox 117 2680 185 2747; x_wconf 76' lang='lat' dir='ltr'>aius,</span> <span class='ocrx_word' id='word_1_298' title='bbox 197 2692 257 2733; x_wconf 85' lang='lat' dir='ltr'>uum,</span> <span class='ocrx_word' id='word_1_299' title='bbox 269 2678 342 2739; x_wconf 88' lang='lat' dir='ltr'>quoad</span> <span class='ocrx_word' id='word_1_300' title='bbox 351 2678 411 2726; x_wconf 77' lang='lat' dir='ltr'>uiam</span> <span class='ocrx_word' id='word_1_301' title='bbox 422 2678 491 2725; x_wconf 80' lang='lat' dir='ltr'>oollss</span> <span class='ocrx_word' id='word_1_302' title='bbox 500 2677 584 2737; x_wconf 84' lang='lat' dir='ltr'>obliqui</span> <span class='ocrx_word' id='word_1_303' title='bbox 591 2675 799 2742; x_wconf 42' lang='lat' dir='ltr'>dederuntsem·</span> 
     </span>
    </p>

    <p class='ocr_par' dir='ltr' id='par_1_5' title="bbox 242 2762 255 2785">
     <span class='ocr_line' id='line_1_40' title="bbox 242 2762 255 2785; baseline 0 0"><span class='ocrx_word' id='word_1_304' title='bbox 242 2762 255 2785; x_wconf 84' lang='grc' dir='ltr'><em>Ι</em></span> 
     </span>
    </p>
   </div>
   <div class='ocr_carea' id='block_1_4' title="bbox 0 0 938 2925">
    <p class='ocr_par' dir='ltr' id='par_1_6' title="bbox 0 0 938 2925">
     <span class='ocr_line' id='line_1_41' title="bbox 0 0 938 2925; baseline 0 0"><span class='ocrx_word' id='word_1_305' title='bbox 0 0 938 2925; x_wconf 95' lang='lat' dir='ltr'> </span> 
     </span>
    </p>
   </div>
  </div>
 </body>
</html>
