1867 2925
210 111 241 167 Τ.
253 109 340 158 LIVII
357 111 410 160 Lm.
425 113 535 164 XXXV·
554 113 614 166 Car.
627 121 668 166 85·
727 121 773 205 'pl

39 282 40 286 ,
117 243 323 306 preripereposoet,
348 243 778 309 crederentmissosessezquidqu‘sl

117 307 268 356 araneum
280 323 316 354 res
331 309 457 356 monuisset
472 310 537 356 subiti
548 311 633 358 consilii
644 327 730 375 oapere,
746 313 776 360 sd

116 371 142 428 id,
156 373 250 432 quamvis
266 373 415 434 inopinatum,
437 375 585 428 temerarium,
603 375 681 431 audax,
700 377 777 426 obedi·

116 437 349 498 mtoexsequendum
365 439 532 500 pmaessena
549 442 775 504 sepmeoaecipe-

115 510 162 556 rent,
178 509 291 562 tamquam
303 502 365 550 adid
375 518 446 550 unum
456 505 567 566 agendum
578 506 659 552 missos
670 507 698 554 ab
707 507 776 554 domo

113 581 135 614 se
142 565 247 615 seirent.”
284 565 345 616 Cum
356 568 391 614 his
401 569 433 622 ita
442 570 570 631 praeparatis
580 570 735 618 Alexamenus
747 571 776 618 sel

112 641 222 694 tyrannum
237 632 309 685 venit,
326 647 393 692 quem
409 633 530 682 adveniens
543 635 656 697 extemplo
670 636 717 697 spei
731 637 776 683 im-

109 698 175 760 plerit,
213 705 229 726 “
239 697 380 744 Antiochum
385 699 433 760 jam
442 699 465 744 in
474 699 588 761 Europam
597 699 710 754 transisse,
720 713 775 748 mox

109 759 233 812 ueraecia
247 762 311 820 fore3
328 770 406 816 terras,
423 765 499 817 maria,
517 763 591 818 aruris,
608 765 662 812 viris
676 766 776 828 comple-

110 836 184 877 turum·
219 826 278 874 Non
289 843 341 874 cum
353 825 457 890 Philippo
468 845 515 874 rem
530 845 580 876 esse
590 831 776 878 crediturosRo·

110 907 187 940 mauos·
224 891 354 938 Numerum
365 893 415 938 iniri
425 893 524 956 peditum
535 895 680 955 equitumque
694 910 720 942 ae
735 910 776 942 na·

110 957 164 1006 vium
174 972 222 1005 non
234 971 314 1018 posse:
334 955 503 1019 elephantorum
513 959 583 1006 saierus
594 967 715 1021 conspeetu
726 960 775 1020 ipse

108 1021 268 1070 debellsmrsrn.
303 1021 777 1087 AEtolostotosuoexereitupsmtosesse

107 1088 177 1136 uenire
200 1085 398 1138 Laoedaemonem,
420 1103 472 1134 cum
494 1104 530 1134 res
550 1097 639 1151 poscat:
665 1089 705 1138 sed
728 1088 774 1136 fre·

105 1160 194 1212 quantes
214 1160 313 1206 amatos
330 1151 446 1200 ostendere
461 1153 588 1200 aduenienti
603 1155 652 1216 regi
667 1155 773 1202 voluisse.

104 1215 182 1274 Nabidi
198 1233 291 1280 quoque
305 1224 329 1262 et
344 1216 386 1278 ipsi
400 1216 525 1264 faciendum
542 1234 599 1272 ease,
616 1226 649 1272 ut,
666 1233 721 1278 quas
734 1220 776 1266 ha·

103 1281 161 1330 beret
172 1281 259 1344 oopias,
278 1297 324 1328 non
338 1283 420 1328 sineret
431 1284 472 1330 sub
482 1284 548 1330 tectis
561 1296 698 1331 marcescere
712 1283 773 1330 onos

102 1347 139 1394 sed
154 1349 270 1402 educeret,
288 1353 311 1393 et
329 1347 353 1392 in
372 1347 438 1394 armis
457 1347 575 1394 decurrere
591 1353 690 1408 cogeret,
709 1347 775 1394 simul

101 1413 186 1464 muros
197 1419 298 1467 acueret,
310 1419 334 1458 et
344 1426 437 1475 corpora
447 1419 570 1460 exerceret.
606 1409 775 1460 Consuetudiua

101 1478 208 1528 leviorem
228 1478 327 1525 laborem
345 1476 406 1524 sore:
428 1486 452 1525 et
470 1480 576 1525 comitate
594 1492 620 1525 ac
638 1477 776 1538 benignitate

101 1542 162 1591 ducis
172 1545 243 1591 etiam
253 1557 298 1589 non
306 1542 451 1605 injucundum
462 1542 510 1589 fieri
521 1541 612 1605 posse.”
638 1540 713 1589 Ilduei
723 1541 775 1590 inde

100 1606 230 1670 frequenter
245 1616 297 1655 ante
312 1608 389 1654 urb'em
403 1608 427 1653 in
442 1607 545 1669 campum
560 1608 589 1654 ad
603 1606 713 1655 Eurotam
725 1623 775 1655 am-

102 1687 153 1721 nem
170 1670 270 1735 erepere.
307 1672 418 1721 satellites
432 1674 522 1733 tyranni
536 1670 609 1721 medii
623 1672 670 1721 sere
686 1673 710 1719 in
726 1673 775 1721 acia

103 1737 269 1791 consulebam
286 1744 395 1798 tyrannus
413 1753 464 1785 eum
479 1739 550 1785 tribus
564 1753 677 1785 summum
694 1737 776 1798 equiti-
808 1734 811 1739 ’

100 1800 149 1857 bus.
171 1805 232 1851 iuter
251 1818 308 1863 quoa
327 1803 456 1863 plerumque
475 1802 628 1851 Alexamenus
646 1808 700 1854 erat,
723 1808 777 1849 sote
806 1803 808 1810 “

100 1868 165 1930 signa
175 1868 315 1919 vectabatur,
328 1880 411 1915 cornua
422 1875 522 1913 extrema
531 1868 645 1923 invisens3
662 1866 685 1917 in
696 1865 777 1911 dextro

99 1946 173 1985 cornu
190 1932 267 1981 AEtoli
286 1940 355 1984 erant,
380 1939 404 1977 et
422 1932 459 1991 qui
479 1939 531 1980 ante
549 1931 667 1979 auxiliares
685 1931 776 1991 tyranni

98 1997 196 2052 luemnt,
210 2006 233 2045 et
244 1998 283 2058 qui
294 2002 402 2045 venerant
413 1996 474 2043 mille
483 2012 535 2043 eum
546 1996 695 2043 Alexameno.
730 1996 777 2043 Fe·

99 2072 163 2113 cerat
182 2064 223 2110 sibi
243 2078 330 2111 morem
349 2061 508 2114 Alexamenus,
530 2076 590 2107 nune
609 2077 660 2108 cum
679 2070 777 2122 tyranrm

99 2128 161 2178 inter
170 2143 256 2190 paucos
271 2128 360 2173 ordines
374 2126 532 2179 circumeundi,
550 2127 700 2186 monendique
714 2137 775 2176 eum,

99 2208 154 2255 quae
165 2194 189 2239 in
202 2208 250 2242 rem
261 2207 310 2239 esse
321 2191 465 2247 videbantur;
482 2205 543 2237 nune
556 2192 579 2237 in
589 2192 695 2238 dextrum
705 2200 776 2235 cornu

98 2258 129 2306 ad
140 2274 197 2307 suos
208 2255 363 2317 adequitandi5
381 2268 436 2301 mox
446 2254 504 2309 inde,
517 2256 579 2302 velut
590 2257 707 2316 imperato,
718 2248 779 2311 (111ῦᾶ

99 2338 138 2372 res
158 2322 306 2387 poposcisset,
331 2320 449 2382 recipiendi
468 2336 493 2366 se
511 2321 538 2367 ad
561 2328 689 2381 tyranuum.
714 2313 778 2367 ‚sea

99 2403 170 2449 quem
186 2388 246 2435 diem
261 2385 369 2447 patrando
383 2384 476 2433 facinori
494 2392 608 2436 statuerat,
625 2396 653 2427 eo
667 2379 779 2441 paulisper

98 2467 155 2501 cum
167 2461 265 2514 tyranno
276 2456 385 2503 vectatus,
397 2465 448 2497 eum
459 2449 488 2496 ad
498 2464 551 2496 suos
562 2445 716 2498 concessisset,
728 2452 777 2495 tum

98 2518 216 2579 equitibus
227 2517 255 2565 ab
266 2515 333 2563 domo
344 2528 420 2561 seeum
430 2515 512 2566 missis,
531 2521 548 2542 “
559 2508 681 2572 Agenda?
699 2509 777 2569 lnquit,

100 2586 118 2611 ‘⁴
128 2596 168 2631 res
183 2588 226 2635 est,
239 2582 344 2641 Juvenes,
361 2578 513 2637 sanandaque,
530 2590 598 2633 quem
612 2589 650 2619 11¹0
664 2573 721 2617 (1¹¹oe
735 2572 779 2615 im·

98 2644 274 2711 pigreexsequi
281 2642 339 2706 jussi
349 2642 411 2689 estis.
445 2638 529 2686 Parate
539 2632 626 2683 animos
637 2636 779 2689 dextrasque·
