1867 2925
154 155 200 201 1176
249 149 382 235 T7L1vl1
398 149 455 197 Lnrt
465 147 590 206 XXXIV·
610 147 671 200 Cn.
684 149 733 198 39.ὶ

159 281 213 328 dum
224 283 293 335 ntus,
311 282 413 328 omnibus
424 281 494 344 copiis
505 282 665 345 (eructantem
673 280 833 328 Romanorum

158 347 321 406 maiorumque,
339 347 406 393 aimari
418 348 518 408 peditam
536 347 686 406 equitumque,
705 346 772 392 timul
785 352 834 392 ter·

159 411 263 458 restrium
274 426 300 458 ac
311 412 421 457 navalium
433 413 554 473 copiarum,
572 411 600 456 ad
609 411 771 472 quinquaginta
780 410 836 456 nlil-

159 475 190 522 lia
200 475 327 535 hominum)
339 477 416 522 'urbem
427 477 504 522 cinxit.
541 475 588 522 Alii
604 476 681 528 emlaa,
698 475 735 521 ahi
746 476 833 536 igneum

161 541 198 589 aiii
217 541 266 595 alia,
284 542 361 601 quibua
380 555 426 587 non
446 545 602 602 oppugnarent
619 541 694 592 modo,
712 539 751 585 aed
765 541 836 586 mmm

161 612 277 659 terrerent,
289 607 418 667 portabant:
434 607 492 667 jussi
503 607 600 652 clamore
611 606 697 651 sublato
708 605 781 650 subire
788 618 838 649 nn·

163 670 230 731 dique
248 685 333 724 ornnes,
358 678 389 724 ut,
414 668 458 731 qui
478 671 575 731 primum
597 675 744 722 occurrerent,
762 667 839 728 quive

164 751 229 798 opem
239 735 330 788 ferrent,
340 734 368 781 ed
379 735 454 782 omnia
465 735 531 781 simul
541 743 655 797 petentes,
668 734 839 780 lacedaemonii

164 799 301 862 ignorarent.
323 833 327 842 ,
338 799 407 853 Quod
418 801 503 846 roboria
512 801 536 845 in
546 801 646 846 exercitu
656 806 711 852 erat,
728 798 837 845 tiiiariam

166 865 276 912 dmum
295 872 358 926 parte
372 863 417 911 uni
431 881 445 911 a
459 864 567 918 Phoebeo,
585 863 654 910 alteri
667 879 684 910 a
695 863 837 924 Dictynnae,

165 928 232 977 tertii
242 931 270 976 ab
280 945 307 976 eo
315 930 372 983 loco,
384 942 451 990 quem
461 929 618 991 Heptagonias
628 944 642 975 a
683 929 739 975 ilant
750 928 841 991 (omnia

165 1002 241 1042 autam
252 995 301 1040 haec
312 993 387 1056 aperta
398 995 445 1041 cine
455 1010 521 1040 muro
528 997 578 1041 loca
588 1002 641 1040 cunt
664 993 756 1055 aggredi
761 993 838 1054 jubet.

166 1058 228 1108 Cum
249 1065 325 1105 tantus
344 1059 440 1120 undique
456 1067 529 1106 terror
546 1061 623 1106 urbem
642 1057 841 1116 circumvaeice'et3

165 1124 239 1186 primo
249 1130 357 1184 ιγτιιιιιιιι
368 1131 391 1172 et
402 1125 430 1170 ad
440 1125 548 1171 clamoren
558 1125 693 1186 repentinos,
706 1130 729 1169 et
739 1123 767 1168 ad
777 1134 840 1168 nun·

166 1189 211 1234 tion
228 1187 325 1250 trepidos
339 1196 420 1242 motus,
438 1197 464 1235 ut
475 1192 568 1250 quicque
577 1189 675 1235 maxime
684 1189 794 1234 laboraret
802 1187 842 1233 lo-

168 1267 215 1307 cun,
226 1253 322 1314 antipae
333 1255 468 1308 occurrebat,
481 1263 520 1300 aut
529 1255 615 1314 aliquos
622 1254 736 1299 mittebat:
750 1252 841 1306 deinde,

166 1317 302 1365 circumfuso
311 1319 408 1379 undique
415 1333 505 1381 pavore,
513 1320 545 1365 ita
553 1319 672 1380 obtorpuit,
683 1325 708 1364 ut
716 1332 758 1363 nec
766 1317 843 1364 dicere

168 1384 228 1446 quod
238 1384 261 1428 in
273 1398 319 1429 rem
331 1392 395 1437 esset,
409 1399 450 1430 nec
458 1384 534 1430 audire
543 1392 634 1446 poscet3
645 1397 688 1428 nec
695 1383 760 1443 iuopa
770 1381 842 1428 modo

167 1448 263 1502 concilii,
275 1449 315 1495 aad
325 1449 364 1495 uix
375 1449 456 1496 mentia
467 1464 560 1512 compca
570 1455 637 1497 erret

201 1512 327 1559 XXXIX.
341 1514 458 1560 Romanos
468 1516 542 1573 primo
549 1513 686 1559 sustinebant
696 1514 719 1557 in
730 1512 845 1574 anguetiie

170 1577 350 1624 Lacedaemonii:
369 1584 485 1637 ternaeque
495 1578 553 1624 acies
563 1585 665 1639 tempore
679 1592 725 1623 uno
738 1577 793 1622 locis
804 1578 843 1623 di·

169 1643 240 1689 vertit
256 1643 397 1703 pugnabant:
415 1642 501 1694 deinde,
519 1650 634 1689 creacente
650 1642 777 1694 certamine,
798 1654 843 1689 ne·

168 1704 281 1767 quiquam
296 1713 343 1751 erat
359 1706 462 1767 proeiium
479 1722 533 1768 par:
552 1707 671 1754 missilibus
688 1709 748 1753 enim
766 1704 844 1754 Lace-

169 1771 275 1818 daemonii
289 1772 424 1831 pugnabant,
437 1786 450 1817 a
460 1773 540 1832 quibua
551 1788 575 1818 ae
585 1780 609 1818 et
618 1772 772 1833 magnitudine
783 1774 844 1819 acuti

170 1834 275 1899 perfacile
289 1834 407 1882 Romanus
422 1838 525 1885 tuebatur
538 1837 609 1890 milen,
624 1844 647 1882 et
661 1837 721 1897 quod
731 1837 768 1883 aiii
778 1838 841 1892 vani,

171 1902 208 1947 aiii
224 1902 286 1947 leves
304 1900 421 1946 admodum
439 1901 498 1947 ictus
516 1909 592 1948 erant:
614 1916 674 1954 nam,
692 1909 783 1962 propter
800 1915 844 1947 an-

168 1966 256 2028 gustiae
266 1965 310 2011 ioci
319 1965 488 2025 confertamque
502 1968 595 2019 turbam,
605 1981 651 2012 non
657 1967 725 2012 modo
735 1967 764 2012 ad
774 1968 843 2013 emit·

169 2030 237 2076 tenda
247 2044 298 2075 curn
309 2044 416 2090 procursu
429 2032 486 2094 (quo
496 2032 615 2092 plurimum
624 2029 776 2090 concitantur)
787 2032 841 2086 teia,

169 2096 266 2157 epatium
276 2096 399 2153 habebant;
418 2096 456 2141 ced
471 2110 500 2142 ne
514 2105 540 2142 nt
550 2097 578 2142 da
588 2097 659 2157 gradu
670 2094 759 2157 quidem
769 2096 843 2143 libero

168 2174 195 2207 ac
211 2159 282 2207 stabili
296 2167 436 2206 conarentur.
474 2160 553 2222 Itaque
563 2176 592 2207 ex
603 2162 776 2208 adversomisra
785 2162 841 2215 teia,

172 2226 233 2272 nulla
247 2225 271 2271 in
285 2222 420 2287 corporibus,
437 2240 486 2271 rara
499 2228 523 2271 in
538 2227 607 2272 acutia
621 2227 747 2273 haerebant:
768 2240 781 2272 a
798 2227 845 2272 cir-

169 2290 332 2338 cumstantibus
347 2304 376 2336 ex
392 2291 540 2351 superioribus
556 2292 612 2337 locis
626 2291 715 2351 quidam
730 2291 844 2338 vulnerati

169 2364 236 2403 runt:
256 2368 310 2401 mox
325 2370 456 2417 progressos
468 2357 517 2418 jam
531 2356 597 2403 etiam
613 2370 643 2403 ex
655 2357 721 2402 tactio
735 2370 781 2401 non
796 2357 845 2404 tela

167 2422 244 2476 modo,
263 2420 303 2467 aad
319 2421 403 2483 tegula
419 2436 514 2482 quoque,
531 2423 671 2484 inopinantes
686 2420 841 2483 percuierunt.

167 2486 267 2533 Sublatis
278 2486 356 2533 deinde
368 2502 434 2547 cupra
443 2488 516 2548 capita
526 2489 601 2541 acutia,
621 2486 802 2546 continuatisque
811 2487 848 2535 ita

168 2549 226 2596 inter
241 2566 273 2604 se,
291 2559 317 2597 ut
332 2566 377 2597 non
392 2552 459 2597 modo
470 2552 499 2597 ad
510 2568 582 2599 meos
591 2554 666 2606 ictuc,
676 2550 715 2597 aed
725 2566 755 2597 ne
766 2552 794 2597 ad
804 2551 845 2598 in-

166 2611 281 2661 ferendum
293 2616 382 2676 quidam
393 2630 423 2661 ex
432 2616 559 2677 propinquo
568 2617 646 2671 telum,
658 2617 702 2663 loci
716 2616 841 2676 quidquam

165 2686 231 2735 met,
247 2681 358 2733 testudine
371 2678 431 2729 facti
445 2682 553 2735 subibunt·
588 2682 623 2731 Et
633 2683 713 2745 ρήιιικ
724 2683 844 2744 angulati·
