1867 2925
164 160 197 211 62
265 158 295 209 Τ.
310 156 398 206 LlVII
415 157 468 206 Lm.
482 147 597 208 XXXII·
616 154 678 207 cn.
694 148 737 204 11.'

163 291 226 340 tam?
243 306 285 337 nec
296 288 424 352 Philippum
435 291 462 337 sb
472 288 524 337 ullis
537 288 596 336 bello
609 288 745 343 lacessitum,
762 287 839 350 ipsum

163 356 260 420 priorem
271 356 317 402 vim
336 356 438 401 omnibus
451 352 558 401 fecisse-’'
592 353 650 400 Inde
660 370 711 399 cum
722 362 837 416 ageretur,

164 436 215 483 quae
226 422 328 468 civitates
335 420 454 467 liberando.
465 426 548 471 essent,
561 418 683 466 Thessalos
693 420 777 481 primos
785 434 838 465 om-

164 488 227 533 nium
239 487 362 533 nominavit
373 486 458 531 consul.
496 485 534 531 Ad
546 484 569 530 id
586 500 641 531 vero
658 485 713 531 sdeo
727 499 839 531 accensus

163 552 318 614 indignatione
339 557 373 597 est
392 564 439 602 rex,
459 558 484 596 ut
500 549 642 603 exclamaret,
664 557 680 579 “
696 549 758 603 Quid
774 549 838 596 victo

164 618 256 681 gravius
268 619 393 679 imperares,
409 614 439 661 Τ.
452 612 568 669 (ὶιιὶηῑίῗ”
585 624 653 675 atque
663 616 694 661 its
704 630 729 661 se
743 629 773 661 ex
788 616 838 661 col·
925 625 928 650 ὲ

163 682 240 743 loquio
250 682 372 743 proripuit:
392 688 415 727 et
426 687 574 743 temperatum
586 696 648 742 segre
658 688 700 734 est,
716 681 770 741 quin
780 680 837 726 mis-

165 747 248 800 silibus,
261 747 313 808 quis
323 746 411 792 diremti
422 746 496 791 medio
507 746 566 791 amni
576 744 673 799 fuerant,
688 760 788 807 pugnam
798 746 838 791 in·

163 820 199 859 ter
210 828 234 858 se
245 818 394 858 consererent.
430 808 526 857 Postero
541 810 577 857 die
593 826 634 873 per
649 811 792 857 excursiones
809 811 839 857 ab
927 827 928 837 ³

165 876 296 924 stationibus
305 876 376 937 primo
388 876 410 921 in
418 876 516 937 planitie,
529 877 582 923 satis
593 876 621 922 sd
632 875 654 921 id
664 875 755 937 patenti,
765 875 838 923 mults
924 908 928 915 ,

164 942 223 989 levia
237 943 357 989 commissa
372 940 451 1002 proelia
470 947 534 986 sunt:
555 941 634 987 deinde
645 940 800 1002 recipientibus
812 956 838 988 se
924 974 927 979 ,

164 1008 233 1070 regiis
245 1009 269 1053 in
287 1014 348 1054 arcta
363 1012 386 1053 et
403 1005 536 1067 confragosa
552 1005 609 1059 locs,
625 1006 731 1052 aviditate
747 1006 837 1051 accensi

164 1072 291 1119 certaminis
306 1088 333 1117 co
348 1086 436 1132 quoque
446 1070 545 1117 Romani
555 1068 706 1133 penetravere.
743 1068 790 1115 Pro
801 1070 838 1118 bis

165 1137 227 1191 ordo,
241 1144 263 1183 et
274 1135 374 1182 militaris
389 1136 510 1198 disciplina,
527 1144 550 1182 et
563 1151 637 1197 genus
651 1150 764 1182 armorum
779 1144 836 1190 erat,
927 1167 928 1170 =

164 1208 241 1265 npturn
252 1202 358 1263 urgendis
374 1201 456 1263 regiis;
473 1216 514 1261 pro
529 1202 593 1247 hoste
608 1202 665 1253 loca,
680 1208 703 1246 et
718 1200 838 1261 catapulta

164 1267 308 1328 bullistaeque,
318 1266 342 1312 in
352 1266 455 1312 omnibus
465 1281 536 1327 prope
546 1266 643 1328 rupibus,
652 1265 714 1326 qussi
725 1266 749 1310 in
756 1265 836 1319 muris,
926 1289 928 1312 ς

164 1332 285 1395 dispositae.
328 1332 410 1379 Multis
426 1332 480 1378 binc
495 1339 562 1391 atque
577 1331 637 1377 illinc
653 1330 782 1376 vulnenbus
798 1345 837 1376 sc·
927 1361 928 1378 r

165 1398 241 1460 ceptis,
262 1413 313 1444 cum
330 1398 405 1450 etiarn,
425 1404 450 1443 ut
466 1396 490 1441 in
501 1396 582 1457 proelio
591 1397 663 1459 justo,
679 1395 763 1457 sliquot
777 1395 836 1442 ceci-
927 1419 929 1443 l

84 1470 86 1476 '
166 1465 258 1517 dissent,
271 1479 318 1509 nox
327 1477 411 1525 pugnae
419 1462 487 1508 linem
498 1460 558 1508 lecit.

198 1526 244 1576 XI.
265 1527 325 1576 Cum
336 1529 360 1572 in
370 1529 413 1573 hoc
425 1535 485 1573 statu
496 1543 531 1573 res
542 1534 608 1580 esset,
622 1534 699 1588 pastor
713 1525 837 1586 quidemn
926 1550 927 1575 ;

166 1589 272 1655 Charopo
288 1593 387 1654 principe
405 1591 550 1654 Epirotarum
565 1593 654 1646 missus,
673 1591 789 1638 deducitur
807 1591 836 1638 sd

165 1657 287 1704 consulem.
324 1655 349 1703 Is
367 1663 382 1686 ⁴⁴
395 1671 419 1703 se
429 1657 452 1702 in
463 1673 491 1704 eo
503 1657 567 1711 saltu,
579 1658 617 1718 qui
628 1657 696 1719 regiis
704 1663 758 1702 tunc
770 1653 837 1718 [one-

165 1721 238 1798 ratus]
250 1722 328 1768 castris
340 1729 394 1775 erat,
407 1729 533 1768 armentum
544 1721 651 1784 pascere”
665 1723 709 1769 sit:
731 1728 746 1751 ⁴⁶
758 1735 838 1768 omnes

164 1795 275 1834 montrum
286 1801 364 1834 eorum
372 1786 487 1834 anfractus
497 1785 689 1848 callesquendsse.
726 1786 836 1833 Sisecum
924 1808 926 1835 ι

84 1901 93 1908 ,
164 1853 251 1915 sliquos
261 1853 350 1899 mittere
361 1852 421 1906 velit,
438 1867 484 1898 non
502 1853 578 1914 iniquo
593 1851 838 1915 uecperditlicilisditu
925 1872 926 1899 t

164 1933 231 1980 supra
242 1925 308 1980 caput
318 1917 416 1964 hostium
427 1917 582 1964 deducturum.
619 1915 706 1971 Haec,”
719 1916 839 1979 Charopus
923 1938 927 1967 r

164 1983 287 2030 renuntiari
294 1985 364 2045 jubet,
383 1989 399 2012 ⁴¹
410 1983 442 2029 ita
452 1983 559 2037 crederet,
572 1991 598 2030 ut
608 1999 656 2030 suae
668 1983 743 2046 potius
754 1982 837 2036 omnin,
924 2002 925 2026 ;

164 2062 232 2108 quam
248 2049 313 2100 illius,
331 2049 448 2111 potestatis
464 2048 568 2096 essent.”
602 2046 664 2097 Cum
680 2047 754 2110 magis
770 2047 840 2094 vellet
924 2068 925 2097 ι

165 2112 261 2170 credere,
276 2129 343 2174 quam
356 2113 454 2168 auderet,
466 2114 553 2168 consul,
565 2114 707 2174 mixtumque
717 2112 799 2174 gaudio
811 2126 840 2158 sc
924 2132 925 2153 r

163 2185 226 2225 metu
248 2179 347 2224 animum
367 2187 462 2240 gereret,
486 2179 619 2226 auctoritate
637 2186 712 2226 motus
730 2176 838 2239 Charopi,
924 2206 925 2233 ,

163 2243 259 2306 experiri
276 2259 338 2305 spem
355 2244 451 2290 oblatam
470 2245 560 2292 statuit:
579 2251 611 2299 et,
629 2251 655 2290 nt
668 2251 778 2291 averteret
790 2257 839 2289 rem

165 2309 322 2372 smpicione
340 2309 407 2355 biduo
423 2310 549 2370 insequenti
565 2311 675 2356 lacessere
685 2309 780 2361 bostem,
793 2308 841 2354 dis-

163 2374 242 2436 positis
259 2375 286 2420 ab
302 2374 363 2420 omni
379 2381 443 2435 perte
459 2375 536 2436 copiis,
555 2375 767 2434 succedentibusque
779 2373 843 2420 inte-

163 2453 211 2501 gns
228 2453 251 2484 ru
268 2439 343 2486 locum
360 2437 506 2493 defessorum,
529 2456 575 2486 non
598 2441 690 2487 destitit.
734 2438 843 2492 Quatuor
923 2446 924 2495 ζ

163 2501 233 2549 millia
243 2503 295 2550 inde
304 2505 363 2550 lecta
372 2503 472 2566 peditum
489 2513 512 2552 et
523 2513 636 2552 trecentos
650 2505 736 2566 equites
749 2503 846 2550 tribuno'

163 2566 260 2612 militum
274 2569 347 2616 tradit.
383 2567 487 2629 Equites,
505 2570 579 2631 quoad
593 2571 645 2617 loca
659 2571 777 2632 patiantur,
797 2569 847 2615 du·-

164 2643 215 2678 cere
220 2631 300 2693 jubet:
320 2633 357 2689 ubi
368 2633 396 2679 sd
406 2633 468 2680 invia
478 2635 546 2694 equiti
557 2644 650 2683 ventum
662 2635 698 2689 sit,
711 2636 735 2680 in
747 2633 843 2696 planitie

165 2693 238 2757 “liqui
249 2689 317 2745 locari
328 2698 469 2760 equitatum
486 2700 579 2763 pedites,
591 2699 637 2762 qui
647 2699 694 2749 dux
704 2705 846 2747 monstraret
