1867 2925
168 138 201 187 '68
273 136 303 185 Τ.
317 135 407 185 LIVIl
423 135 477 185 Lns.
492 133 607 185 XXXII.
625 132 686 184 cnr.
701 135 725 182 Ὦ

167 275 193 319 et
203 274 306 315 senatum
318 268 366 313 sine
377 267 443 315 ullius
454 263 509 313 noti
522 266 634 328 legenmt,
650 272 673 312 et
688 264 788 327 portorla
801 278 842 312 ve·

169 334 254 381 nulium
270 332 356 395 Capuae
373 332 526 392 Puteodsque,
543 333 598 379 item
615 329 747 379 Castrorum
764 336 843 391 porto·

166 399 234 453 rium,
247 399 327 459 quoin
337 398 388 445 loco
399 412 459 443 nunc
470 398 576 459 oppidum
593 405 635 450 est,
650 396 769 443 fruendum
780 393 844 442 locis·

169 470 237 511 runt:
261 464 399 523 colonosque
420 478 448 509 eo
472 470 586 509 trecentos
606 462 637 524 (is
655 461 715 508 enirn
735 474 844 507 numerus
921 477 922 480 ¹

167 528 244 575 finitus
259 530 286 575 ab
303 536 382 575 senatu
399 524 457 587 erat)
476 528 648 590 adscripserunt,
666 534 689 573 et
706 527 747 573 sub
759 524 845 572 Tifatis

169 592 255 656 Capuae
273 609 352 655 agrum
370 592 525 639 vendiderunt.
561 593 608 640 Sub
624 592 684 639 idem
702 598 792 652 tempus
809 590 842 637 1.

167 658 270 705 Manlius
281 658 397 711 Acidinus,
413 672 442 703 ex
453 656 566 720 Hispaniis
582 657 698 709 decedens.
717 655 843 718 prohibitus

168 722 221 771 aP.
237 722 318 769 Porcio
335 721 405 769 Laeet
422 724 603 785 tribunoplebis,
618 737 648 769 ne
663 736 734 769 ovans
751 722 842 774 rediret,

169 803 221 833 cum
236 790 263 835 ab
280 796 358 834 senatu
377 786 524 849 impetrdssat,
543 788 643 849 privatus
661 786 747 833 Urbem
764 786 846 847 ingre·

169 852 239 906 diens,
249 853 319 913 ¹mille
335 853 431 899 ducenta
448 853 524 915 pondo
541 853 635 915 argenti,
655 852 750 914 triginta
765 851 844 913 pondo

168 916 239 965 ferme
250 920 298 965 auri
312 918 335 963 in
347 919 449 965 aerarium
460 919 519 964 tulit.
555 917 644 964 Eodem
655 932 715 963 anno
727 915 772 964 Cn.
786 915 845 964 Bae·

168 983 218 1029 bius
237 982 376 1045 Tamphilus,
399 984 437 1043 qui
459 984 487 1029 ab
509 981 538 1031 C.
557 983 651 1029 Aurelio
675 982 767 1027 consule
789 982 846 1029 anni

167 1049 248 1109 primis
259 1048 396 1110 provinciam
409 1048 507 1095 Galliam
517 1055 639 1109 acceperat,
651 1054 737 1093 temere
753 1047 846 1109 ingres·

66 1114 70 1127 '
168 1128 207 1159 sus
220 1114 337 1159 Gdlorurn
350 1111 478 1159 Insubrium
488 1112 551 1166 fines,
563 1129 633 1174 prope
644 1127 695 1159 cum
710 1118 759 1157 toto
776 1126 845 1158 exer-

168 1178 215 1226 citu
225 1185 261 1224 est
271 1178 450 1225 circumventus:
471 1193 538 1239 supra
548 1192 589 1223 sex
599 1178 668 1224 millia
682 1184 706 1223 et
723 1184 845 1224 sexcentos

167 1242 251 1289 milites
261 1242 350 1289 amisit:
370 1250 433 1289 tanta
449 1257 478 1288 ex
494 1258 522 1288 eo
538 1243 603 1295 bello,
624 1242 684 1304 quod
699 1243 748 1304 jam
767 1241 846 1288 tnnari

167 1306 270 1361 desierat,
291 1307 365 1353 clades
382 1314 473 1369 accepta
483 1315 524 1353 est.
560 1307 597 1354 Ea
615 1323 652 1355 rea
669 1306 700 1353 L.
716 1306 845 1354 Lentulum

168 1373 283 1420 consulem
306 1374 333 1419 nb
351 1371 414 1419 Urbe
432 1372 531 1429 excivit;
554 1373 599 1433 qui,
618 1380 645 1419 ut
662 1373 686 1417 in
703 1372 845 1434 provinciam

166 1439 230 1486 venit
240 1439 329 1502 plenam
340 1438 457 1491 tumultus,
469 1437 555 1500 trepido
566 1438 665 1486 exercitu
675 1445 847 1500 acceptantes

167 1511 241 1551 torem
256 1505 333 1550 multis
349 1505 435 1565 probris
449 1504 582 1565 increpitum
597 1501 713 1565 provincii
726 1503 846 1558 decedere,

166 1576 235 1629 atque
250 1570 309 1615 abire
320 1569 419 1614 Romam
429 1569 506 1631 Jusait.
542 1568 624 1629 Neque
635 1569 684 1631 ipse
697 1569 779 1614 consul
793 1583 847 1615 mo·

166 1633 274 1682 morabile
285 1633 404 1694 quidquam
416 1634 494 1696 gessit,
506 1635 648 1681 comitiorum
659 1631 727 1682 causi
741 1633 846 1682 Romam

167 1705 300 1755 revocatus;
319 1713 370 1759 quae
388 1699 437 1760 ipsa
455 1715 495 1761 per
515 1699 550 1745 M.
569 1698 676 1745 Fulvium
694 1706 717 1746 et
734 1698 845 1746 Manium

168 1761 264 1812 Curium
276 1764 377 1810 tribunos
384 1765 454 1825 plebis
462 1765 645 1826 impediebantur,
657 1764 718 1824 quod
725 1763 755 1809 T.
766 1763 847 1818 Quin·

167 1829 224 1875 tium
236 1828 388 1876 Flamininum
397 1829 537 1876 consulatum
549 1845 578 1876 ex
588 1829 703 1890 questuri
710 1836 787 1891 petere
794 1843 845 1876 non

166 1895 322 1956 patiebanturz
346 1901 362 1924 “
375 1894 429 1943 Jam
446 1895 574 1941 aedilitatem
596 1902 761 1955 praeturamque
777 1893 848 1941 fasti·

168 1959 224 2004 diri:
251 1975 292 2006 nec
315 1975 355 2022 per
376 1961 488 2006 bonorum
508 1961 599 2021 gradus,
622 1960 784 2006 documentum
807 1960 846 2007 aui

167 2023 253 2076 dantes,
271 2026 356 2072 nobiles
372 2025 475 2071 homines
487 2025 579 2071 tendere
591 2025 619 2071 ad
630 2025 779 2078 consulatum,
793 2025 844 2080 sed,

166 2090 344 2136 transcendendo
355 2089 434 2143 media,
447 2105 536 2136 summa
543 2091 594 2136 imis
605 2091 743 2136 continuare.
748 2087 763 2107 ’‘
792 2089 847 2137 Res

166 2167 197 2200 ex
216 2156 334 2215 campestri
354 2154 475 2201 certamine
493 2157 516 2200 in
535 2164 636 2201 senatum
653 2155 723 2201 venit.
759 2153 847 2202 Patrae

130 2245 134 2248 -
166 2227 310 2274 censuerunt,
330 2219 404 2274 “Qui
424 2220 540 2274 bonorem,
561 2235 627 2281 quem
647 2219 688 2266 sibi
706 2235 785 2280 capere
801 2232 852 2281 per

165 2285 229 2346 leges
236 2285 321 2338 liceret,
333 2292 426 2346 peteret,
436 2285 459 2330 in
467 2301 495 2332 eo
503 2285 585 2347 populo
594 2285 689 2338 creandi,
702 2301 769 2345 quam
776 2285 843 2341 velit,

166 2357 300 2410 potestatem
308 2351 355 2408 fieri
365 2365 454 2410 aequum
463 2350 539 2397 esae”
568 2349 597 2396 In
604 2351 737 2396 auctoritate
745 2349 843 2398 Patrrnn

165 2410 230 2460 fuere
241 2415 329 2462 tribuni.
366 2413 442 2462 Creati
453 2415 557 2462 consules
568 2416 621 2462 Sex.
635 2415 711 2462 AEbua
727 2414 807 2462 Paetus
818 2425 844 2463 et

166 2475 196 2522 Τ.
215 2477 323 2530 Quintius
343 2479 490 2526 Flamininus.
532 2478 590 2526 Inde
608 2487 729 2542 praetorum
749 2481 844 2528 comitia

166 2539 254 2586 habita:
277 2546 345 2591 creati
365 2543 394 2590 1.
413 2543 533 2592 Cornelius
551 2545 649 2598 Merula
673 2545 709 2592 M.
730 2544 843 2593 Claudius

166 2603 297 2661 Marcellus,
310 2609 346 2655 M.
359 2608 454 2656 Porcius
466 2608 532 2661 Cato,
549 2606 577 2657 C.
590 2609 696 2663 Helvius,
710 2610 748 2670 qui
763 2610 843 2658 aediles

165 2667 235 2728 plebis
253 2669 349 2719 fuermrt.
393 2674 432 2721 Ab
450 2673 478 2720 iis
496 2674 544 2720 ludi
566 2675 646 2737 plebeii
663 2675 795 2723 instauratis
816 2683 844 2724 et
