1867 2925
194 147 324 199 T.L1vl1
341 150 395 198 Lm.
409 149 533 198 xxxlv.
553 150 613 200 Cur.
628 154 666 199 26.
721 154 768 199 168

95 279 283 335 ώωὶὶσοιιωις
294 281 348 329 dum
355 282 415 327 vires
422 282 516 343 adjicere
524 282 670 343 conjurationi
681 282 764 337 studet,

95 344 206 396 incautior
223 344 273 391 tidei
295 346 417 391 aestimutor
433 346 484 392 fuit.
520 344 691 406 colloquentem
711 362 762 394 eum

95 423 150 456 oum
164 410 210 455 suis
227 411 314 455 satelles
327 426 341 455 a
355 410 462 470 praefecto
476 412 557 458 missus
572 426 623 456 cum
634 420 763 467 arcesseret,

95 473 167 523 neunt
176 474 287 534 proditum
298 475 416 520 consilium
426 490 489 531 esse;
506 476 650 537 hortatusque
661 476 768 537 οοιῄιιτα-Ι
807 518 808 523 ,

94 548 142 590 tos,
152 538 191 597 qui
201 538 300 591 ederunt,
312 546 337 584 ut
344 539 426 599 potius,
437 554 504 599 quam
520 540 602 585 extorti
616 548 762 595 morerentur,

94 616 159 651 arma
169 616 245 649 secum
256 610 373 663 cuperent:
392 611 458 663 stqrue
467 604 499 649 ita
510 619 561 649 cum
571 604 647 665 paucis
658 604 681 649 in
689 604 764 649 forum

93 670 130 715 ire
138 668 219 729 pergit,
229 666 352 722 clamitans,
364 674 396 721 ut,
408 669 447 728 qui
457 669 541 715 salumn
551 669 706 729 rempublicam
715 668 763 715 vel·

93 734 158 785 lent,
171 739 285 782 auctorem
301 740 325 779 et
343 732 422 779 ducem
441 748 465 779 se
483 734 589 779 libertatis
609 740 760 793 sequerentur.

93 797 170 845 Haud
179 811 234 843 sune
244 798 315 843 movit
325 812 465 857 quemquam,
481 798 533 857 quia
546 798 601 843 nihil
611 813 704 858 usquam
716 798 763 861 spei

93 861 762 979 wdedffimnittdittstttdti

94 1006 150 1041 cnm
161 992 215 1044 suis,
228 990 400 1037 interiecemnt:
420 992 574 1052 comprehensi
584 990 663 1038 deinde
673 990 763 1052 quidum

92 1066 119 1105 et
134 1057 185 1103 alti:
204 1056 271 1101 exiis
282 1056 349 1101 occisi
362 1056 443 1117 plures,
454 1056 519 1117 penei
531 1056 555 1101 in
568 1056 691 1103 custodiam
708 1070 763 1101 con·

88 1123 164 1186 jectis
182 1120 248 1167 multi
259 1118 361 1181 proximis
372 1128 444 1174 nocte,
460 1120 549 1167 funibus
564 1136 605 1183 per
622 1136 710 1167 murum
724 1120 763 1169 de·

90 1187 168 1245 ¹missi,
179 1186 209 1232 ad
219 1184 336 1231 Romanos
346 1185 520 1247 tmnsiirgcrunt
666 1197 669 1203 ¹

109 1249 227 1299 ‘XXVL
247 1248 361 1303 Quintius,
376 1250 535 1296 affirmantibus
551 1250 585 1303 iis,
605 1250 623 1297 si
642 1250 669 1296 ad
686 1256 762 1310 portes

91 1318 215 1369 Romanus
225 1314 335 1361 exercitus
346 1314 431 1368 fuisset,
444 1329 490 1361 non
505 1315 553 1361 sine
567 1313 647 1359 effectu
660 1314 762 1361 futurum

89 1396 145 1430 eum
156 1387 248 1434 ¹motum
263 1378 333 1425 fuisse
339 1396 347 1436 ;
363 1386 393 1432 et,
405 1379 423 1425 si
433 1380 525 1441 propius
535 1387 608 1425 castra
618 1378 763 1424 admoveren-

90 1456 138 1502 tur,
157 1460 204 1492 non
219 1445 333 1506 quieturos
350 1443 457 1506 Argivos,
473 1444 534 1490 misit
548 1443 663 1506 expeditos
677 1442 762 1506 pedites

90 1514 233 1574 equitesque,
250 1511 287 1571 qui
303 1509 361 1556 circa
376 1507 496 1570 Cylsrobin
512 1509 665 1572 (gymnasium
682 1508 704 1554 id
718 1517 760 1563 est,

87 1579 294 1626 nunusnecentos
301 1589 380 1636 possus
390 1576 418 1621 ub
428 1572 493 1634 urbe)
506 1589 558 1620 curn
572 1574 737 1636 erumpentibus
748 1589 762 1622 u

87 1641 157 1706 porti
168 1639 346 1688 Lacedaemoniis
353 1638 457 1700 proelium
468 1639 635 1692 commiserunt,
648 1646 714 1698 atque
722 1654 762 1686 eos

86 1709 150 1756 haud
168 1721 254 1768 magno
272 1705 393 1751 certamiine
411 1704 566 1765 compulerunt
584 1705 607 1748 in
627 1705 718 1750 urbem:
738 1712 761 1752 et

88 1782 202 1823 acernen
211 1771 326 1832 ipsoloeo.
339 1769 375 1816 ubi
385 1777 511 1830 pugnatum
519 1775 573 1822 erut,
583 1769 702 1830 imperator
711 1768 761 1814 Ro·

88 1854 172 1886 manus
188 1837 270 1898 posuit.
306 1835 376 1881 Diem
387 1833 439 1880 inde
451 1849 520 1879 unum
531 1834 554 1878 in
566 1833 660 1894 speculis
674 1832 724 1886 suit,
742 1833 761 1878 si

89 1903 204 1967 quidnovi
212 1901 396 1947 motdsoriretur:
407 1907 526 1960 postquam
531 1913 657 1960 oppressum
662 1904 724 1943 metu
729 1897 761 1943 ci-

88 1972 183 2016 vitatem
189 1967 253 2018 vidit,
262 1966 356 2011 advocat
362 1964 481 2010 concilium
487 1963 514 2009 de
521 1963 675 2024 oppugnandis
680 1961 758 2024 Argis.

89 2034 201 2084 Omnium
211 2030 334 2092 principum
346 2029 451 2083 Graeciae,
468 2036 550 2089 prester
563 2028 709 2081 Aristaenum,
724 2044 762 2074 ea·

90 2101 142 2147 rbem
157 2096 269 2144 sententis
281 2103 337 2148 erat,
355 2110 407 2141 cum
425 2109 492 2139 eausa
509 2093 559 2140 belli
577 2107 622 2138 non
637 2093 679 2139 alis
694 2100 759 2146 esset,

90 2165 142 2212 inde
147 2162 292 2224 potissimum
301 2157 424 2222 [ordiendi]
432 2158 522 2204 bellurn.
544 2157 639 2211 Quintio
646 2157 669 2204 id
678 2155 761 2216 nequi-

90 2245 157 2294 quam
167 2227 283 2289 piscebat5
300 2225 339 2270 sed
350 2224 499 2276 Aristaenum,
507 2230 585 2270 contra
595 2223 695 2268 omniurn
707 2235 761 2266 eon·

92 2308 184 2347 sensmn
202 2291 356 2343 disserentem,
373 2304 424 2335 cum
446 2288 505 2334 baud
521 2286 586 2334 dubit
604 2285 760 2348 approbatione

92 2359 192 2407 audivit:
209 2364 235 2410 vet
245 2356 293 2416 ipse
305 2354 391 2416 adjecit,
411 2361 426 2383 ‘⁴
438 2369 489 2399 cum
500 2369 541 2415 pro
550 2352 643 2414 Argivis
654 2350 760 2396 aduersus
797 2375 801 2381 ι

89 2436 213 2486 tyrannum
225 2421 309 2466 beilum
320 2426 447 2480 susceptum
463 2419 500 2471 sit,
520 2417 572 2478 quid
588 2416 662 2462 minus
678 2428 761 2458 conve·

90 2491 156 2538 niens
162 2499 222 2540 esse,
231 2501 305 2546 quarn,
313 2484 396 2529 omisso
404 2484 476 2537 hoste,
486 2482 564 2544 Argos
572 2477 710 2541 oppugnari?
731 2477 761 2524 Se

90 2571 146 2603 vero
156 2560 225 2614 ceput
238 2550 290 2596 belii
301 2547 489 2594 Lacedaemonmn
504 2554 527 2592 et
542 2553 662 2604 tyrannum
678 2542 761 2602 petitu-

91 2618 168 2671 rum.”
204 2617 246 2668 Et,
257 2614 349 2660 dimisso
360 2612 460 2665 coneilio,
476 2612 636 2656 frumentatum
647 2606 760 2668 expeditus

86 2680 277 2740 mbortesmisit.
312 2677 382 2732 Quod
388 2677 473 2736 'maturi
487 2681 534 2723 erut
551 2673 615 2728 circo,
635 2671 761 2740 demessum
