1867 2925
178 136 210 185 ts
287 132 316 181 T·
330 130 490 182 LIVII'Lrn.
504 131 605 181 XXXI.
625 132 685 183 car.
699 136 752 194 46.Υ

177 266 316 321 tempestate,
329 278 398 325 prope
409 264 482 311 obruti
492 263 603 318 numano,
615 224 715 326 dispelsi,
727 260 814 327 magni
824 278 856 311 ex

176 328 334 387 parteamissis
342 329 492 382 armunentis,
501 331 525 375 in
533 338 615 377 terram
621 329 755 391 effirgerunt
775 328 856 377 Onam

175 405 266 451 quoque
277 408 304 440 ea
311 394 422 441 maritima
433 404 553 457 tempestas
564 396 592 441 ad
603 410 650 441 reru
659 394 718 441 terri
727 394 855 456 gerendam

74 516 76 523 X
176 454 233 501 suits
253 472 312 513 narn,
331 460 429 506 collectis
448 460 472 506 in
491 475 562 506 unum
581 461 681 510 navibus.
699 460 856 521 expositisque

177 521 254 581 copiis,
277 524 380 586 aggressi
399 526 483 578 urbem,
501 541 553 571 curn
572 526 649 573 multis
667 526 797 571 vulneribus
817 540 857 571 re-

176 584 242 647 pulsi,
261 588 296 651 (et
310 596 358 636 erat
372 591 469 637 validum
487 590 516 636 ibi
531 592 618 653 regium
632 587 772 653 praesidium)
788 590 856 636 irrito

176 652 267 714 incepto
289 656 392 717 regressi,
417 654 574 703 Canastraeum
596 655 700 703 Pallenes
725 652 853 717 trajecerat

175 715 234 769 inde.
244 727 347 779 superato
354 719 453 766 Toronae
464 722 625 781 promontorio,
634 722 766 782 navigantes
774 721 857 766 Acan-

99 796 106 803 ’
176 781 241 827 thum
259 780 355 843 petiere:
375 785 404 831 ibi
422 786 494 846 primo
513 800 567 848 ager
584 793 692 838 vastatus,
710 785 791 830 deinde
804 785 857 846 ipsa

177 846 229 892 urbs
240 846 263 893 vi
279 856 343 910 capta
359 864 385 896 ac
401 850 499 911 direpta:
519 865 561 897 nec
578 852 637 897 ultra
652 850 773 912 progressi,
791 850 856 913 (Jam

175 911 236 957 enim
255 920 278 959 et
297 929 378 975 graves
395 913 472 976 praedd
486 931 555 961 naves
569 913 689 975 habebant)
706 922 772 967 retro,
793 915 857 963 unde

177 984 292 1030 venerant,
306 980 428 1032 Sciathum,
436 982 494 1026 etab
505 981 596 1027 Sciatho
604 980 724 1034 Euboesm
737 986 853 1041 repetunt.

211 1040 305 1089 XLVI.
326 1042 360 1090 lbi
372 1043 448 1093 relicti
458 1046 536 1099 classe,
554 1046 631 1092 decem
639 1046 732 1092 nanlrus
742 1045 858 1106 expeditis

175 1106 251 1153 sinum
271 1106 394 1154 Maliacum
416 1107 536 1163 intravere,
560 1110 589 1157 ad
607 1110 778 1170 colloquendum
799 1125 855 1156 cum

177 1170 262 1217 AEtolis
274 1172 301 1217 de
313 1173 398 1220 ratione
408 1174 502 1237 gerendi
512 1175 570 1221 belli.
607 1175 746 1237 Sipyrrhicas
757 1174 856 1221 AEtolus

174 1236 279 1299 princeps
296 1236 414 1299 legationis
429 1240 478 1302 ejus
491 1238 541 1294 fuir,
559 1256 611 1301 quae
624 1240 653 1286 ad
668 1240 858 1287 communicanda

176 1302 270 1349 consilis
286 1300 421 1351 Heracleam
433 1318 485 1351 cum
497 1321 551 1367 rege
561 1313 585 1351 et
595 1320 646 1351 cum
657 1305 764 1351 Romano
775 1304 855 1366 legato

177 1367 247 1413 venit.
284 1366 383 1415 Potitum
401 1384 430 1415 ex
445 1369 531 1417 soedere
549 1371 576 1418 ab
593 1370 672 1417 Attalo
688 1378 730 1422 est,
749 1376 774 1415 ut
790 1369 856 1417 mille

176 1430 259 1482 milites
270 1440 400 1496 praestaret:
420 1442 508 1482 tanturn
519 1436 579 1483 enim
590 1434 799 1490 numerumbellom
811 1450 856 1497 ge·

176 1498 277 1544 rentibus
294 1499 401 1547 adversus
417 1499 546 1564 Philippum
563 1502 661 1548 debebat.
698 1499 726 1546 ld
743 1507 855 1561 negatam

175 1561 269 1615 AEtolis,
288 1565 348 1623 quod
359 1565 391 1611 illi
402 1581 492 1626 quoque
505 1567 593 1628 gravati
610 1567 672 1628 prius
686 1571 762 1612 essent
772 1565 801 1610 ad
811 1581 857 1626 po-

176 1625 296 1688 pulandam
308 1629 466 1678 Macedoniarn
481 1632 549 1684 exire,
567 1647 611 1692 quo
622 1638 731 1693 ternpore,
748 1629 856 1692 Philippo

177 1691 236 1737 circa
247 1691 386 1756 Pergamum
398 1703 477 1744 urente
488 1711 551 1743 sacra
564 1695 708 1758 profanaque,
724 1696 856 1753 abstrahere

177 1771 229 1802 eum
248 1757 300 1804 inde
320 1769 422 1822 respectu
441 1776 516 1808 rerum
538 1773 628 1809 suarum
647 1761 779 1823 potuissent.
815 1758 856 1808 Ita

177 1820 252 1874 AEtoli
263 1837 314 1870 cum
330 1841 369 1888 spe
384 1827 463 1888 magis,
482 1827 593 1874 Romanis
603 1827 680 1873 omnia
688 1825 853 1887 pollicentibus,

176 1901 244 1946 quam
256 1904 307 1936 curn
319 1891 409 1944 auxilio,
421 1891 513 1938 dimissi
549 1892 660 1954 Apustius
670 1907 722 1937 cum
734 1890 813 1937 Attalo
824 1891 856 1936 ad

176 1952 270 1998 classem
280 1955 352 2001 rediit.
389 1955 446 2003 Inde
456 1957 578 2003 cons'ultari
589 1958 617 2003 de
627 1956 689 2004 Oreo
701 1955 855 2018 oppugnando

176 2024 285 2078 creptum.
321 2020 403 2067 'Valida
421 2036 448 2068 ea
467 2021 545 2068 civitas
563 2029 587 2068 et
605 2022 724 2073 rnoenibus,
746 2028 776 2072 et,
800 2021 856 2080 quia

177 2088 230 2128 ante
240 2081 314 2130 luerat
324 2091 416 2138 tentata,
433 2085 499 2132 firmo
510 2094 559 2132 erat
572 2086 683 2148 praesidio.
720 2085 854 2148 Conjunxe-

178 2154 229 2194 rant
247 2162 271 2194 se
286 2148 313 2194 iis
327 2158 380 2210 post
397 2151 586 2212 expugnationem
598 2151 671 2197 Andri
683 2165 735 2196 cum
746 2147 854 2211 praefecto

177 2210 339 2273 Agesimbroto
348 2215 428 2278 viginti
433 2215 531 2262 Rhodiae
538 2231 615 2270 naves,
623 2224 690 2262 tectae
698 2230 788 2261 omnes:
802 2229 853 2261 earn

177 2277 271 2324 classem
280 2279 304 2324 in
313 2281 431 2326 stationem
443 2281 472 2326 ad
484 2281 597 2328 Zelasium
611 2281 727 2333 miserunt
738 2278 854 2343 (Isthmiae

176 2342 200 2388 id
217 2357 284 2404 super
300 2343 470 2392 Demetriadem
486 2347 664 2408 promontorium
681 2352 717 2392 est
732 2360 854 2406 peroppor-

177 2412 233 2452 tune
253 2407 376 2470 objectum)
399 2416 431 2464 ut,
453 2411 545 2471 siquid
567 2412 619 2457 inde
636 2416 755 2456 moverent
773 2409 854 2456 Mace-

177 2469 262 2516 donum
277 2488 353 2528 nsves,
371 2475 394 2519 in
406 2475 510 2536 praesidio
521 2484 603 2522 essent.
640 2474 779 2527 Heraclides,
793 2489 853 2534 prae-

178 2532 251 2580 fectus
269 2537 352 2599 regius,
371 2537 464 2585 classem
481 2540 511 2585 ibi
528 2541 625 2592 tenebat,
643 2540 716 2601 magis
732 2554 772 2601 per
788 2554 853 2586 occa·

177 2596 272 2652 sionem,
291 2602 388 2662 siquam
402 2604 542 2665 negligentia
556 2605 653 2650 hostium
664 2604 769 2656 dedisset.
786 2619 852 2664 quam

114 2727 118 2734 ι
176 2659 255 2720 aperti
262 2663 423 2728 ri,quidquam
434 2679 536 2716 ausurus:
567 2669 654 2717 Oreum
664 2669 746 2716 diversi
754 2668 853 2718 Romani
