1867 2925
225 145 255 196 Τ.
269 145 357 196 uvss
373 146 426 196 lim
440 148 566 198 xxxlv.
585 149 647 201 Cer·
660 155 700 202 62
752 157 800 207 195

122 290 171 329 m
188 278 217 336 sd
233 279 425 328 malaeus
442 281 544 328 assatum
562 276 681 338 aetem
701 285 801 348 pheses

120 342 240 404 omniqui
251 344 280 392 de
291 345 378 405 injuriis
388 343 520 393 Masinissae
528 357 680 408 quererentur.
793 403 796 410 ¹

153 406 241 456 LXII.
260 407 387 456 Masinissa
399 417 517 472 postquam
532 419 555 459 et
569 413 664 460 infames
680 413 800 478 Carthagi⁴
866 427 869 432 '

118 473 262 528 simmei
278 473 338 522 inter
352 489 378 520 se
391 475 451 536 ipsas
466 476 579 524 discorda
594 478 670 532 sensit,
689 480 800 543 principes

117 546 214 600 propter
228 539 341 599 colloquia
355 540 470 600 Aristonis
480 543 575 596 senatui,
593 551 696 590 senatum
709 554 800 607 propter

117 601 229 676 indcium
239 604 342 665 ejusdem
350 605 464 652 Aristonis
475 607 557 669 populo
569 615 712 670 suspectum
723 609 797 656 locum

116 668 210 729 sufficiae
224 681 276 716 esse
291 681 358 722 ratus,
371 683 450 732 agrum
461 673 597 720 maritimum
608 689 685 720 eorum
697 680 720 720 et
730 673 799 736 depo·

117 733 212 794 palatus
228 740 282 786 est·
293 743 316 782 et
334 735 440 794 quasdam
460 737 525 783 urbes
540 737 661 800 vectigales
678 737 799 802 Certhagi·

117 797 235 847 uierrsium
252 798 294 844 sibi
311 799 386 861 coegit
402 801 535 862 stipendium
551 801 653 864 pendere.
688 801 798 866 Emporia

117 865 207 914 snut
214 879 267 927 eam
278 865 407 925 regionem:
422 881 461 912 ora
472 874 507 913 est
517 866 610 913 minoris
622 866 702 929 Syrtis,
714 875 738 916 et
748 868 798 930 egri

118 928 277 975 userius-una
291 929 370 977 ciritea
385 931 433 992 eius
448 929 541 992 Leptis:
561 947 588 978 ea
605 933 694 994 ringula
709 933 733 977 in
750 933 799 979 dies

118 992 206 1040 talene
219 994 319 1054 vectigal
331 992 628 1056 Carthaginiennhusdedit.
664 995 734 1044 Hanc
748 1005 797 1043 tunt

118 1058 240 1119 regionem
254 1065 278 1105 et
287 1065 358 1106 totam
368 1059 471 1106 infestam
483 1059 612 1115 Masinissa,
629 1069 691 1109 etex
702 1060 797 1124 quidam

118 1130 186 1184 parte
200 1123 274 1170 dubiae
289 1125 442 1184 possessionis,
459 1125 493 1170 sui
508 1123 573 1188 regni
583 1142 612 1172 sn
624 1126 799 1191 Carthaginien·

120 1187 180 1234 dum
192 1195 262 1243 esset,
273 1187 389 1236 effecerat:
410 1196 433 1236 et
446 1191 497 1250 quia
509 1189 575 1238 dmui
585 1191 614 1238 ad
628 1193 743 1255 purgando
753 1194 798 1240 cri*

118 1252 190 1307 mina
206 1260 231 1302 st
241 1261 345 1314 questum
356 1254 419 1300 dese
430 1253 529 1302 Romam
540 1271 580 1302 eos
591 1255 662 1302 ituros
673 1257 797 1318 comperite

118 1318 160 1378 qui
170 1324 196 1366 et
205 1317 244 1366 iila
254 1329 372 1366 oncrment
383 1319 552 1381 suspicionibus,
566 1327 590 1366 et
600 1320 629 1366 de
634 1322 687 1382 jure
697 1321 798 1384 vestigas

119 1382 176 1434 lium
199 1381 355 1446 disceptarent,
378 1384 465 1446 legatos
487 1394 511 1430 et
532 1385 579 1446 ipse
598 1383 696 1431 Romam
718 1384 795 1432 mittite

118 1447 201 1499 Auditi
213 1447 241 1499 de
249 1448 324 1529 :Tyrio
332 1447 420 1497 eduensi
433 1450 530 1511 primum
547 1448 745 1513 Carthaginienses
756 1466 798 1497 cu·

118 1514 415 1627 &mitiis
436 1516 798 1644 ”iffiefflhiiihi

119 1646 224 1707 urgebat.
243 1644 311 1706 quod,
331 1660 398 1705 quem
417 1647 602 1707 comprehensum
619 1646 717 1695 Romam
736 1643 796 1693 mitti

119 1711 248 1773 placuisset,
267 1725 309 1757 nec
323 1708 404 1773 ipsum,
422 1726 465 1757 nec
480 1726 559 1758 navem
574 1713 623 1775 eJus
637 1712 793 1760 custodissent.

120 1774 161 1823 De
175 1790 232 1837 agro
250 1774 331 1821 deinde
350 1790 401 1821 cum
420 1776 481 1837 regis
499 1776 579 1839 legatis
601 1776 717 1839 disceptari
733 1791 797 1838 «ηρ.

121 1847 177 1887 tum.
198 1838 454 1903 Carthaginiensesjure
463 1838 541 1887 finium
553 1857 642 1888 causam
651 1843 793 1888 tutabantur:

122 1912 139 1934 ‘⁶
150 1904 211 1967 quod
230 1904 289 1951 intra
304 1920 343 1951 eos
360 1906 467 1951 tenninos
487 1913 552 1959 esset,
574 1907 654 1967 quibus
673 1905 700 1952 P.
721 1904 796 1967 Scipio

121 1971 194 2017 victor
204 1985 292 2031 agrum.
305 1970 343 2030 qui
355 1970 413 2031 juris
424 1977 484 2016 esset
495 1969 721 2033 Carthaginiensium,
732 1968 797 2017 tinis-

123 2033 189 2093 set;”
208 2042 232 2081 et
242 2034 383 2081 consessione
394 2036 468 2099 regis3
487 2035 531 2097 qui,
551 2051 602 2081 cum
619 2036 727 2098 Aphirem
743 2049 796 2097 pro-

122 2100 200 2163 iugum
209 2114 238 2145 ex
247 2114 318 2160 regno
327 2114 374 2151 suo,
387 2114 438 2145 cum
446 2110 510 2161 parte
518 2098 667 2147 Numidarum
675 2108 795 2161 vagantem

123 2166 180 2213 circa
191 2162 301 2225 Cyrenas,
313 2172 489 2226 persequeretur,
500 2166 600 2227 precario
615 2166 643 2212 ab
657 2180 682 2211 se
697 2166 740 2210 iter
755 2178 796 2223 per

123 2246 172 2279 eim
188 2230 261 2291 ipsum
279 2242 368 2291 agrum,
388 2236 502 2289 tamquam
518 2229 578 2276 haud
593 2230 658 2276 dubie
675 2226 796 2287 Carthagi·

123 2295 230 2343 aiensium
238 2292 303 2357 juris,
316 2290 435 2355 petisset.”
469 2292 577 2340 Numidae
590 2302 605 2323 ‘⁴
617 2301 640 2340 et
650 2294 679 2339 de
688 2290 795 2338 termina·

123 2360 182 2410 tione
199 2358 309 2419 Scipionis
321 2358 409 2404 mentiri
420 2356 477 2405 eos'’
489 2360 612 2420 arguebant
624 2375 629 2403 ι
645 2364 661 2387 “
672 2363 701 2409 et,
715 2354 796 2415 siquis

123 2440 196 2473 veram
208 2422 318 2485 originem
330 2422 388 2485 juris
405 2422 496 2485 exigere
510 2424 585 2477 veliet,
603 2436 669 2483 quem
680 2418 795 2482 proprium

123 2505 199 2553 agrum
220 2484 438 2549 Carthaginiensium
458 2488 487 2555 in¹
500 2486 578 2534 Africi
594 2484 661 2533 esse?
683 2484 794 2539 Advenis,

122 2562 226 2617 quantum
245 2560 307 2600 secto
326 2552 389 2599 bovis
406 2560 472 2614 tergo
491 2550 595 2612 ampiecti
612 2548 657 2594 loci
672 2548 793 2611 potuerint,

123 2628 206 2667 tantum
225 2616 254 2665 sd
272 2618 350 2663 urbem
370 2616 564 2662 communiendam
581 2612 680 2673 precario
700 2613 792 2658 datum:

121 2682 224 2749 quidquid
234 2682 341 2747 Byrm,
360 2681 435 2729 sedem
447 2694 517 2732 suam,
535 2677 679 2732 excesserint,
696 2677 719 2725 vi
730 2682 798 2735 atque
