1867 2925
203 130 336 201 mutu
352 134 548 215 mxxxnn
567 136 664 189 ems.
738 142 773 193 er.

96 266 134 318 mr
141 268 262 315 concffium
269 267 408 321 AEtolorum,
418 266 553 315 Heracleam
561 269 677 324 indictum,
689 270 770 325 oenrrit,

96 333 273 379 consultantium
292 334 380 395 quantia
395 333 483 381 auxiliis
499 332 628 381 Romanum
645 335 673 381 ed
687 334 771 383 bellum

96 405 251 458 sequerentur.
288 396 394 460 Cognitis
409 398 520 453 sociorum
535 398 636 451 decretis,
654 401 720 446 tertio
735 400 770 447 die

95 463 125 509 eb
135 461 250 509 Heraclei
260 462 350 523 Xyniea
357 478 497 525 progressus,
508 464 532 508 iu
541 463 638 509 confinio
646 464 770 513 AEnisnum

95 523 303 594 Thessalorumque
313 528 392 590 pon'tis
402 528 487 581 muts,
499 526 600 575 AEtoliea
609 529 692 575 auxilia
702 545 770 591 oppa-

94 592 200 639 riebatur.
235 592 301 639 Nihil
315 594 395 639 morati
410 591 484 638 AEtoli
498 600 557 640 sunt.
594 590 693 640 Phaeued
705 594 769 649 duce,

94 656 139 704 duo
149 656 221 703 miliia
230 658 331 719 peditrnn
342 672 394 704 oum
405 658 515 718 equitibus
525 657 692 720 quadringentis
702 673 771 705 aene·

94 730 154 769 runt.
185 720 227 769 Ne
237 722 328 769 dubium
338 730 406 776 esset,
418 722 471 783 quid
481 722 638 785 exspectdasel,
651 722 769 771 confestim

95 786 208 841 erintius
221 787 293 834 morit
304 795 382 835 eastra·
417 786 570 849 Transgresao
580 788 603 833 in
612 784 769 836 'Phthioticum

94 848 769 979 Quirethmimmutrftht

91 979 204 1045 junxere:
224 980 312 1027 necita
325 982 398 1027 multo
411 989 462 1043 post
475 982 623 1043 Amynander
632 996 684 1028 cum
695 982 770 1029 Athe·

94 1062 188 1094 manum
199 1046 299 1107 pediturn
306 1046 439 1093 ducendaet
446 1046 514 1093 mille.
542 1044 665 1109 Philippus,
677 1044 769 1109 coguut

93 1110 234 1174 profectione
245 1112 273 1157 ab
283 1110 359 1158 suut
368 1110 531 1164 Romanorum,
548 1120 573 1158 ut
587 1112 623 1159 cui
638 1112 667 1159 de
681 1108 770 1159 summi

94 1192 169 1223 rerum
189 1176 279 1222 adesset
297 1183 416 1230 onumen,
436 1175 585 1223 adhortandos
600 1177 682 1223 milites
697 1185 767 1232 ratris,

93 1242 165 1287 multe
172 1242 224 1302 jam
235 1255 296 1301 saepe
305 1247 428 1287 mnorata
438 1240 466 1287 de
476 1242 585 1303 majorum
596 1242 720 1295 virtutibus,
738 1242 768 1289 si·

17 1338 18 1358 ,
94 1307 141 1353 marl
151 1307 181 1352 de
193 1306 283 1351 militari
297 1305 362 1351 leude
376 1304 536 1358 Macedonum.
552 1320 604 1351 eum
618 1305 766 1359 disseruisset,

93 1372 166 1424 adea,
183 1385 238 1431 quae
248 1377 296 1415 mm
306 1370 404 1416 manime
413 1370 500 1416 unimos
510 1371 628 1422 terrebant,
645 1370 768 1431 quibusque

93 1436 149 1498 erigi
160 1435 192 1482 ad
202 1435 298 1496 aliquam
309 1449 370 1498 spem
381 1442 491 1498 poterunt,
503 1435 572 1488 venit.

16 1502 17 1521 ³
125 1499 172 1547 lv.
194 1502 304 1560 Aeoeptae
317 1499 346 1548 ad
360 1500 436 1546 Aoum
450 1499 535 1547 flumen
548 1501 571 1546 in
582 1501 691 1562 angustiis
701 1500 764 1556 cladi,

92 1564 170 1614 setrid
188 1564 342 1612 Macedonum
356 1565 473 1627 phalange,
491 1565 519 1612 ed
534 1566 640 1613 Atracem
655 1567 678 1612 vi
691 1566 767 1629 pulsos

92 1630 214 1678 Romanos
230 1631 367 1692 opponebat:
390 1637 407 1678 “,
417 1638 440 1676 et
455 1630 500 1676 illic
516 1639 598 1685 tamen,
617 1631 652 1677 ubi
670 1632 766 1678 insessas

90 1695 168 1742 lances
188 1695 254 1756 Epiri
271 1709 317 1740 uon
333 1695 464 1748 tenuissent,
484 1695 577 1756 primam
594 1695 680 1757 culpam
696 1696 766 1743 fluisse

92 1775 171 1809 eorum
187 1759 226 1821 qui
241 1759 383 1821 negligenter
397 1759 508 1806 custodies
527 1758 665 1808 servissent:
685 1775 766 1808 seeun-

16 1822 17 1833 ’
92 1825 151 1879 dm,
169 1825 258 1886 inipso
272 1825 399 1877 certamine,
415 1825 473 1871 levis
486 1832 603 1872 armaturae
617 1826 766 1872 mercenario-

92 1905 190 1951 nunque
205 1889 308 1935 militum.
346 1888 499 1936 Maoedonum
518 1906 572 1937 vero
590 1890 723 1951 phalangem
742 1897 766 1937 et

16 1952 17 2013 1
92 1964 146 2002 tunc
162 1956 260 2007 stetisse,
281 1961 304 2000 et
318 1953 370 2000 loco
386 1969 452 2014 aequo
463 1952 570 2016 justique
585 1953 661 2016 pugni
677 1969 764 2016 semper

16 2016 17 2031 ¹
92 2034 222 2066 mmsrrram
235 2017 369 2065 invictnm.”
402 2017 491 2066 Decem
505 2027 529 2066 et
539 2034 579 2066 sex
589 2019 657 2066 millia
667 2021 764 2067 militum

92 2085 141 2131 haee
151 2082 223 2137 mere,
236 2086 303 2130 robur
313 2097 381 2130 omne
390 2084 471 2129 virium
482 2091 505 2130 et
515 2085 586 2146 regni.
616 2085 655 2131 Ad
665 2085 707 2132 hoo
719 2085 763 2130 duo

93 2150 161 2196 millis
171 2156 316 2202 cetratorum,
328 2164 386 2208 quos
395 2149 500 2209 peltastas
507 2149 625 2211 appellant,
638 2149 763 2196 Thracum-

91 2207 137 2275 que
146 2222 170 2260 et
181 2212 311 2275 Illyriorum
326 2212 419 2276 (Trallis
434 2229 516 2259 nomen
531 2221 566 2260 est
579 2211 653 2275 genti)
668 2229 708 2274 pur
721 2227 764 2258 nu·

92 2293 167 2324 merus
177 2280 230 2326 bine
240 2277 311 2324 millia
319 2286 389 2331 eraut,
403 2285 427 2324 et
437 2279 502 2324 mixti
512 2293 541 2324 ex
551 2279 649 2340 pluribus
659 2277 764 2338 gentibus

93 2343 195 2390 mercede
205 2344 310 2390 conducti
320 2343 437 2390 anxilimes
446 2343 507 2390 mille
517 2342 593 2397 ferme,
605 2351 629 2388 et
639 2341 684 2388 duo
695 2341 763 2387 millia

91 2410 199 2470 equitum·
236 2405 296 2457 Cum
312 2407 339 2453 iis
356 2408 425 2469 copiis
440 2423 482 2454 rex
496 2409 584 2454 hostem
601 2406 760 2469 opperiebatur.

93 2471 203 2521 Romanis
221 2473 293 2520 fenne
311 2488 351 2534 par
369 2488 475 2519 numerus
493 2481 555 2529 erat3
578 2472 677 2530 equitum
694 2470 763 2530 copiis

92 2544 187 2592 tautum,
199 2538 260 2598 quud
270 2537 343 2584 AEtoli
353 2546 500 2589 accesserunt,
513 2535 651 2595 superabant.

123 2602 155 2648 V.
181 2601 290 2657 Quintius
308 2602 337 2648 od
354 2601 445 2649 Thebes
464 2599 603 2647 Phthioticas
621 2603 693 2644 castra
711 2611 763 2642 eum

93 2668 206 2719 movisset,
222 2683 286 2732 spem
300 2673 380 2718 nactus
393 2683 434 2731 per
446 2664 568 2712 Timonem
578 2659 699 2726 principem
709 2659 742 2708 cir

124 2747 177 2781 vor..
190 2745 223 2780 tv·
521 2739 539 2773 ἱ
