1867 2925
142 139 175 186 ⁵4
244 133 273 182 Τ.
288 133 377 183 LIVII
394 134 447 183 Lns.
462 134 577 184 XXXII.
597 135 657 186 Car.
671 142 695 183 3.

143 266 173 313 de
189 264 247 313 coelo
267 273 367 325 tactum;
388 274 412 313 et
430 266 546 314 Formiani
562 268 631 329 legati
653 267 724 315 aedem
741 264 821 323 lovis,

144 332 199 377 item
216 330 333 378 Ostienses
350 332 421 379 aedem
438 332 513 389 Jovis,
535 341 559 380 et
575 332 688 380 Veliterni
705 332 823 394 Apollinis

144 404 167 443 et
179 397 246 443 Sanei
255 397 322 449 ades,
333 404 356 443 et
366 398 390 443 in
399 397 507 445 Herculis
514 395 575 461 [sede
585 396 701 463 oepillnm]
713 405 819 445 enatumr

143 468 167 508 et
183 476 212 507 ex
226 460 322 511 Bruttiis
338 463 365 509 ab
380 462 412 516 Q
423 463 528 511 Minucio
544 472 683 526 propraetore
695 464 820 524 scriptum,

143 526 265 587 equuleum
281 542 332 573 oum
353 528 451 589 quinque
470 528 569 590 pedibus,
588 528 664 591 pullos
682 528 822 592 gallinaceos

143 599 190 639 tres
203 606 255 638 oum
272 593 341 639 ternis
357 594 456 654 pedibus,
475 602 540 641 natos
555 610 615 642 osse:
634 594 686 641 inde
697 610 711 640 a
722 592 749 639 P.
763 593 821 640 Sul-

142 657 201 719 picio
212 658 346 719 proconsule
357 672 385 705 ex
398 658 536 707 Macedoniri
545 660 617 707 literae
630 660 710 712 allatae,
727 659 751 704 in
767 659 821 719 qui-

142 722 185 768 bus
204 722 263 767 inter
282 730 364 769 caetera
386 723 493 785 scriptum
513 733 567 778 erat,
589 725 687 772 lauream
706 724 729 769 in
747 724 821 785 puppi

143 787 208 833 novis
226 786 303 848 longae
320 794 416 834 enatam.
453 788 558 837 Priorum
577 790 731 852 prodigiorum
749 787 821 835 musi

144 858 235 897 senatus
246 860 370 905 censuerat,
383 860 409 899 nt
420 855 523 901 consules
534 856 660 918 majoribus
669 855 755 907 hostiis,
767 854 821 915 qni-·

143 917 186 963 bus
198 916 251 963 Diis
261 917 381 972 videretur,
395 918 559 979 sacrificarent:
579 921 608 966 ob
620 922 664 966 boo
678 935 748 966 unum
762 934 820 980 pro-

143 981 230 1043 digium
241 984 354 1045 aruspices
362 984 385 1029 in
394 992 496 1031 senatum
505 986 585 1039 roseti,
597 992 665 1046 atque
672 999 702 1031 ex
709 998 821 1045 responso

143 1059 222 1093 eorum
234 1048 364 1109 supplicatio
374 1049 458 1110 populo
474 1051 498 1095 in
512 1051 571 1097 diem
582 1066 652 1097 unum
663 1050 742 1103 edicta,
753 1049 821 1096 etad

144 1111 350 1172 omniapulvinaria
358 1128 394 1159 res
405 1114 487 1161 divinae
497 1114 571 1162 factae.
651 1137 658 1150 1

176 1174 211 1221 11.
230 1174 428 1239 Carthaginienses
439 1194 467 1225 eo
480 1195 539 1226 anno
555 1188 674 1243 argentum
691 1180 715 1226 in
731 1180 819 1241 stipen-

140 1238 204 1287 dium
214 1240 343 1303 impositum
350 1243 448 1304 primum
457 1244 556 1295 Romam
567 1247 718 1292 advexerunt:
733 1245 757 1290 id
764 1244 819 1305 quia

142 1306 236 1367 probum
246 1321 291 1352 non
302 1322 352 1353 esse
363 1316 486 1369 quaestores
499 1311 688 1363 renuntiaverant,
698 1309 818 1371 expertem

139 1370 247 1431 tibusque
264 1386 316 1433 pars
335 1380 413 1433 quarta
432 1374 524 1421 decocta
540 1382 595 1429 erot,
618 1374 713 1437 perusii
731 1374 816 1421 Romae

141 1434 221 1483 mutui
237 1434 318 1490 sumti,
334 1438 523 1487 intertrimentum
540 1440 627 1504 argenti
645 1440 814 1503 suppleremus
874 1476 877 1479 .

141 1500 273 1548 Petentibus
288 1502 374 1556 deinde,
389 1512 422 1559 ut,
440 1506 458 1551 si
473 1507 522 1567 jam
538 1504 652 1559 videretur
664 1506 758 1558 senatui,
774 1507 816 1551 ob·

142 1565 201 1612 sides
221 1567 260 1612 sibi
280 1567 430 1624 redderentur,
452 1579 544 1618 centnm
563 1572 642 1618 redditi
662 1571 762 1617 obsides:
784 1571 819 1618 de

141 1629 235 1683 caeteris,
249 1631 267 1677 si
278 1631 301 1676 in
312 1629 355 1679 fide
366 1643 529 1694 permanerent,
545 1651 596 1698 spes
609 1636 675 1683 sacta.
712 1634 818 1682 retento

139 1695 181 1742 bus
192 1695 277 1749 iisdem,
290 1697 328 1757 qui
340 1712 385 1744 non
394 1700 542 1748 reddebantur
550 1701 644 1755 obsides,
656 1710 683 1748 ut
690 1703 718 1747 ab
726 1699 815 1755 Norba,

138 1759 176 1806 ubi
187 1775 266 1821 parurn
277 1763 395 1810 commode
405 1774 488 1819 essent,
504 1767 547 1812 alio
563 1767 738 1820 traducerentur,
758 1781 817 1812 oon·

139 1839 235 1879 cessum,
248 1831 273 1872 ut
285 1827 386 1888 Signiam
397 1837 421 1876 et
437 1830 583 1878 Ferentinum
600 1833 727 1879 transirent
763 1830 817 1879 Ga«

139 1889 220 1936 ditonis
230 1891 284 1938 item
294 1895 421 1954 petentibus
429 1897 554 1950 remissum,
568 1913 596 1943 ne
603 1897 723 1959 praefectus
734 1896 816 1944 Gades

137 1955 271 2010 mitteretur,
289 1957 396 2006 adversus
412 1963 473 2022 quod
489 1963 523 2017 iis,
542 1966 565 2010 in
584 1965 650 2014 iidem
669 1973 745 2033 populi
762 1973 819 2021 Ro:

137 2019 198 2065 mani
217 2022 364 2078 venientibus,
383 2040 435 2072 oum
453 2025 483 2073 L.
500 2028 590 2078 Marcio
608 2033 709 2095 Septimo
728 2053 814 2088 conve-

136 2085 215 2131 nisset.
250 2085 284 2133 Et
295 2087 455 2137 Narniensium
470 2093 558 2156 legatis,
575 2101 718 2157 querentibus
728 2104 756 2150 ad
767 2121 812 2153 nu-

137 2163 223 2196 merum
236 2152 276 2198 sibi
288 2153 381 2200 colonos
391 2171 438 2202 non
452 2173 509 2213 esse,
529 2167 552 2206 et
568 2163 684 2212 immixtos
700 2171 811 2228 quosdam

136 2229 183 2260 non
195 2216 229 2261 sui
244 2220 334 2278 generis
348 2235 389 2281 pro
406 2223 493 2270 colonis
510 2241 534 2272 se
544 2241 630 2288 gerere,
646 2245 723 2279 eorum
734 2251 811 2286 rerum

136 2277 204 2326 deusd
220 2283 327 2330 tresviros
344 2300 419 2333 creare
435 2287 465 2335 L.
481 2288 601 2340 Cornelius
620 2298 699 2344 consul
712 2302 807 2361 Jnssus:

135 2346 202 2391 creati
213 2345 241 2392 P.
252 2356 275 2394 et
284 2349 337 2395 Sex.
346 2350 402 2397 AElii
412 2352 495 2416 (Paetis
503 2355 545 2402 fuit
553 2359 660 2407 ambobus
668 2369 810 2431 cognomen)

134 2417 157 2455 et
169 2409 198 2457 C.
211 2409 330 2460 Cornelius
337 2414 456 2464 Lentulus.
482 2419 552 2473 Quod
559 2422 722 2475 Narniensibus
730 2419 810 2482 dsturn

134 2483 189 2526 erat,
200 2484 225 2522 ut
234 2478 365 2553 colonorum
374 2496 482 2532 numerus
489 2482 640 2556 [cogeretun]
647 2493 670 2539 id
677 2493 762 2544 Cosani
767 2516 810 2563 pe-

135 2543 209 2584 tentes
220 2554 266 2587 non
277 2553 460 2606 impetraverunt.

166 2601 215 2648 llI.
235 2605 321 2682 Rebus,
337 2625 389 2671 quae
404 2613 489 2663 Romae
505 2620 601 2680 agendae
611 2631 682 2679 erant,
694 2627 807 2688 perfectis,

133 2667 237 2718 eonsules
252 2686 275 2718 ur
287 2678 414 2735 provincias
422 2681 526 2746 proiecti.
557 2683 585 2734 P.
600 2687 701 2747 Villium,
716 2693 739 2740 in
751 2694 808 2746 Ma·
