1867 2925
188 142 219 194 r.
233 141 321 192 mvn
336 141 389 192 un.
403 139 556 242 xxxvps
575 142 689 195 crssr.
726 132 779 194 sss

104 274 181 336 patriis
196 275 297 337 legiones
314 275 415 337 singulae,
436 289 488 336 quse
505 281 554 322 turn
572 273 596 320 in
612 273 640 322 iis
657 274 777 336 provinciis

107 345 180 393 erant,
193 339 301 398 decretae;
318 351 341 386 et
356 347 381 385 ut
392 347 455 386 terna
471 340 540 386 millia
553 338 660 399 peditum,
679 340 777 386 ducenos

104 404 205 463 equites,
216 404 280 450 ambo
290 412 398 466 praetores
408 404 432 450 in
443 405 621 466 supplementum
629 403 695 450 sociis
705 403 776 465 irnpe-

107 476 193 523 rarent,
204 483 322 530 secumque
333 476 517 530 transportarent.
547 466 681 528 Priusquam
689 468 712 513 in
723 483 777 530 pro-

6 571 7 576 ,
107 532 194 578 vincias
203 534 257 580 nori
271 533 416 596 magistratus
430 532 628 594 proficiscerentur,
645 533 776 593 supplicatio

104 597 131 642 in
143 597 240 644 triduum
251 613 293 659 pro
308 598 403 660 collegio
417 597 594 644 decemvirorum
611 597 718 659 imperata
734 596 778 643 fuit

104 660 132 706 in
144 663 247 708 omnibus
258 663 368 724 compitis,
379 663 440 722 quod
455 663 506 709 luce
521 663 580 708 inter
595 662 673 709 boram
688 662 777 708 tertiam

104 723 178 772 senne
188 735 211 772 et
221 735 323 786 quartam
333 728 431 774 tenebrae
439 728 524 774 obortae
531 725 633 775 fuerant:
649 733 673 772 et
681 739 779 773 novem·

105 789 165 836 diale
175 790 307 838 sacrificium
318 792 425 838 indictura
436 799 478 844 est,
488 791 551 851 quod
562 791 584 836 in
596 789 712 836 Aventino
721 790 777 851 lapi-

106 855 172 906 dibus
182 855 282 916 pluisset·
319 854 434 917 Campani,
447 871 499 902 curn
511 871 557 909 eos,
574 869 604 900 ex
620 854 777 906 senatus-con-

106 918 168 966 sulto
179 919 239 980 quod
249 919 333 966 iactum
344 928 391 967 erat
401 921 475 981 priore
487 935 554 973 anno,
572 934 676 966 censores
693 917 777 966 Roma

103 984 195 1032 censeri
210 985 343 1046 coegissent,
360 985 424 1047 (nam
440 992 507 1030 antea
517 985 625 1034 insertum
639 981 721 1036 fuerat,
739 983 776 1028 ubi

104 1047 264 1108 ,oenserentm
276 1050 393 1110 petierunt,
407 1057 431 1095 ut
443 1049 483 1095 sibi
498 1049 558 1094 cives
568 1047 684 1095 Romanas
695 1047 776 1094 ducere

103 1127 192 1160 uxores
207 1113 297 1171 liceret;
314 1121 345 1167 et,
362 1114 380 1160 si
395 1114 432 1174 qui
443 1114 506 1175 prius
517 1113 640 1166 duxissent,
655 1120 682 1158 ut
696 1112 777 1160 babere

104 1191 154 1240 eas,
164 1184 188 1223 et
198 1186 251 1224 ante
261 1191 309 1224 eam
317 1179 379 1230 diem
390 1179 443 1232 nati,
461 1176 494 1224 u'ti
500 1177 559 1238 justi
572 1177 612 1222 sibi
625 1177 687 1224 liberi
704 1177 777 1223 haero-

105 1240 193 1301 desque
208 1250 293 1292 *essent-
330 1241 432 1302 Utraque
451 1257 487 1289 res
502 1243 625 1303 impetrata.
657 1239 699 1287 De
718 1238 777 1288 For-

103 1306 189 1357 missis
204 1305 362 1367 Fundanisque
377 1307 523 1367 municipibus
537 1313 560 1352 et
571 1305 722 1366 Arpinatibus,
742 1302 772 1352 C·

102 1369 214 1426 „Valerius
224 1369 317 1432 Tappus
327 1371 428 1416 tribunus
439 1370 508 1431 plebis
523 1370 681 1431 promulgavit,
698 1367 732 1414 uti
749 1368 777 1414 iis

104 1432 209 1497 suffragii
219 1435 272 1483 latio
283 1436 347 1499 (nam
356 1443 408 1483 ante
418 1435 465 1481 sine
477 1432 582 1495 suffragio
590 1434 711 1481 habuerant
721 1433 777 1480 civi·

103 1498 190 1560 tatem)
201 1508 268 1547 esset.
305 1499 367 1546 Huic
379 1501 489 1561 rogationi
501 1507 596 1559 quatuor
607 1498 687 1543 tribuni
698 1498 774 1558 plebis,

103 1565 159 1625 ‚quia
170 1577 216 1611 non
226 1580 256 1611 ex
264 1565 394 1611 auctoritate
405 1564 495 1610 senatus
505 1562 605 1616 ferretur,
619 1578 669 1609 curn
681 1562 776 1609 interce·

102 1628 192 1683 nerent,
201 1628 280 1683 edocti,
290 1628 365 1691 popuii
373 1644 428 1681 esse,
437 1643 483 1673 non
489 1627 629 1689 senafflsjus,
637 1624 778 1689 suffragium,

102 1694 186 1757 quibus
194 1694 254 1748 velit
268 1694 381 1755 impertiri,
396 1693 528 1739 destiterunt
543 1692 639 1753 incepto.
674 1690 775 1755 Rogatio

103 1758 194 1823 perlata
208 1766 251 1812 est,
268 1759 326 1805 utin
334 1755 428 1805 AEmilit
438 1757 496 1803 tribu
508 1755 622 1806 Formiani
632 1766 655 1803 et
663 1755 775 1811 Fundani,

104 1825 132 1871 ia
145 1820 251 1873 comeln
261 1823 381 1885 Arpinates
390 1821 487 1870 ferrent:
506 1828 573 1881 atque
589 1821 613 1867 in
627 1821 662 1867 bis
676 1821 777 1869 tribubus

108 1896 158 1935 tum
167 1889 265 1950 primum
277 1901 306 1934 ex
316 1884 407 1933 Valerio
420 1886 559 1948 plebisscito
569 1885 629 1931 censi
640 1892 700 1932 sunt
734 1884 772 1931 M.

104 1952 218 2001 Claudius
226 1952 349 1999 Marcellus
358 1966 443 2004 censor,
454 1958 515 1997 sorte
523 1948 661 2010 superatoT.
672 1948 777 2003 Quintia·

102 2018 206 2067 lustrum
222 2016 333 2065 condidit:
346 2030 419 2063 censs
436 2021 489 2061 sunt
503 2014 584 2059 civium
599 2013 670 2074 capita
681 2013 778 2061 ducenta

108 2082 271 2144 quinquaginta
292 2088 345 2128 octo
363 2080 431 2127 millia
452 2085 552 2126 trecenta
570 2078 646 2125 decem
665 2085 689 2124 et
713 2085 774 2125 orto.

104 2132 196 2195 lustro
207 2145 312 2209 perfecto,
325 2145 427 2191 consules
434 2144 457 2189 in
468 2143 593 2205 provincias
601 2141 695 2205 profecti
703 2149 762 2188 sunt.

101 2256 104 2263 ,
143 2208 282 2263 XXXVII.
301 2208 386 2257 Hieme
396 2206 422 2255 eia
433 2207 478 2269 quir
487 2210 536 2254 iraec
546 2206 630 2254 Romae
640 2214 706 2269 gesta
713 2216 774 2261 sunt¹

108 2276 139 2323 ad
151 2272 194 2323 Cn.
206 2275 326 2327 Manlium,
339 2275 453 2321 consulem
464 2273 568 2334 primum,
580 2272 659 2319 deinde
669 2288 710 2333 pro
721 2287 776 2318 con-

107 2340 166 2394 sule.
175 2340 327 2387 hibernantem
338 2338 361 2386 in
373 2336 435 2393 Asis,
447 2338 571 2399 legationes
580 2336 676 2397 undique
685 2351 714 2383 ex
725 2352 774 2383 om·

105 2406 176 2459 nibus
191 2405 315 2453 civitatibus
326 2404 480 2465 gentibusque,
493 2417 544 2463 que
554 2402 586 2447 cis
597 2400 696 2452 Taurum
711 2415 777 2464 mons

103 2480 156 2517 tem
166 2469 274 2525 incolunt,
287 2468 462 2519 conveniebant:
481 2475 513 2519 et,
531 2473 557 2511 ut
574 2465 652 2514 clarim
671 2464 777 2512 nobilior·

103 2549 154 2595 ‚que
166 2534 260 2584 victoria
275 2532 385 2581 Romanis
403 2532 430 2579 tle
447 2546 501 2592 rege
516 2529 630 2576 Antiocho
643 2527 693 2581 fuit,
709 2542 776 2589 quam

103 2600 138 2651 sle
150 2598 237 2655 Gallim
254 2598 286 2653 ita
296 2597 368 2647 laetior
378 2596 443 2643 sociis
458 2602 506 2647 erat
524 2594 551 2638 de
567 2591 646 2645 Gallis,
666 2606 732 2651 quarn
749 2594 782 2641 de

108 2662 237 2722 Antiocho
269 2660 414 2723 Tolerabilior
428 2659 492 2725 regia
505 2656 600 2706 servitus
614 2654 695 2712 suerat,
711 2672 780 2721 quana
