1867 2925
10 2746 140 2880 2

183 128 233 173 824
271 123 300 171 Τ.
315 121 403 171 LIVII
419 122 471 170 Lm.
486 122 622 171 XXXVII.
640 121 702 173 Cae.
715 111 755 169 82'

182 254 236 306 dias,
251 260 314 315 parte
326 254 409 315 praedae
422 260 446 299 et
460 253 535 313 apoiiis
545 252 658 299 navalibus
669 253 791 307 decoratas,
808 252 850 299 do·

180 332 245 365 nrum
261 319 332 363 redire
346 319 415 379 jubet
449 318 534 363 Rhodii
548 318 642 379 impigre
656 313 800 378 praevertere.
820 317 849 363 ud

181 383 365 444 trajiciendasque
378 382 452 443 copias
466 382 563 428 consulis
579 380 636 427 iere:
657 388 733 441 atque,
751 397 779 428 eo
793 396 849 461 opio·

183 462 227 507 que
248 447 319 493 functi
339 445 419 499 officio,
443 453 492 491 tum
514 446 602 493 demum
622 444 731 491 Rhodum
753 446 846 493 rediere·

183 510 269 559 Classis
280 510 383 557 Romana
393 511 419 555 ab
430 508 489 558 Chio
501 508 619 556 Phocaeam
630 510 722 571 trajecit.
758 508 789 555 In
801 510 850 557 sinu

183 576 252 621 maria
269 575 348 620 intimo
366 574 439 635 posita
453 575 503 621 baeo
519 576 571 619 urbs
587 581 627 627 est,
648 572 745 636 oblongi
760 572 847 621 forma:

183 639 253 685 duum
263 639 356 685 millium
363 645 390 684 et
399 638 572 699 quingentorum
582 650 686 700 passuum
694 639 792 699 spatium
801 652 851 684 mu·

184 719 223 749 rus
233 701 384 763 amplectitur:
403 702 448 748 coit
458 702 538 748 deinde
548 716 577 748 ex
588 700 680 763 utrisque
689 710 753 763 purte
763 703 789 747 in
802 717 850 749 aro-

183 769 263 813 tiorem
271 767 333 813 velut
343 780 450 822 cuneum
466 764 586 827 Lamptera
595 768 637 827 ipsi
647 766 772 827 appellunt:
790 766 852 813 mille

184 840 207 877 et
219 832 326 878 ducentos
338 844 416 892 passus
429 830 458 875 ibi
473 830 566 877 latitudo
579 837 652 891 patet:
675 830 727 877 inde
741 832 766 876 in
780 832 851 879 altum

184 897 263 957 bagua
275 895 336 941 mille
348 909 452 955 passuum
467 908 587 941 excurrens
601 894 697 941 medium
712 894 762 943 fere
777 896 851 942 sinum

184 961 247 1006 veiut
257 966 310 1005 nota
320 958 449 1019 distinguit:
468 960 504 1004 ubi
519 959 616 1005 cohaeret
627 958 727 1005 faucibus
738 960 850 1021 augustio,

185 1024 242 1069 duos
256 1024 279 1068 in
294 1029 409 1081 utrumque
423 1023 537 1084 regionem
551 1037 627 1069 vereor
637 1030 715 1083 portus
726 1024 852 1069 tutissimos

184 1088 263 1132 hahet:
281 1087 320 1145 qui
329 1087 354 1131 iu
364 1086 484 1133 Meridiem
494 1087 574 1148 vergit,
590 1088 618 1133 ab
628 1101 652 1131 re
664 1087 776 1147 appeliant
787 1086 853 1135 Nau·

161 1187 164 1193 .
185 1150 305 1203 mammon,
325 1150 377 1209 quia
393 1150 508 1213 ingentem
528 1152 573 1198 vim
590 1151 679 1199 navium
696 1152 770 1213 capits
797 1152 855 1199 uitet

185 1228 336 1325 prqpeigtppt
348 1210 636 1341 fflqpptqufissimoe
652 1293 703 1326 cum
718 1277 853 1342 oeonptsset

186 1346 291 1391 Romana
306 1343 397 1400 elusam
418 1345 544 1404 priusquam
560 1352 599 1391 aut
612 1344 676 1390 scalis
692 1351 732 1391 aut
748 1346 852 1406 operibus

187 1410 270 1455 moenia
286 1408 450 1471 aggrederemur,
466 1409 585 1455 mittendos
602 1408 687 1455 censuit
702 1416 796 1470 praetor,
814 1409 852 1470 qui

186 1475 310 1536 principum
320 1474 532 1535 magistratuumque
545 1473 629 1520 animos
643 1479 770 1520 tentarent:
790 1483 852 1535 post-

187 1553 253 1597 quam
264 1537 386 1584 obstiuatos
396 1537 458 1590 vidit,
473 1536 558 1583 duobus
573 1538 638 1584 simul
651 1536 706 1583 locis
720 1551 853 1600 oppugnare

186 1609 222 1646 est
236 1601 333 1646 adortus.
368 1601 447 1648 Altera
463 1615 515 1663 pars
525 1601 659 1662 *infrequens
674 1601 774 1648 aedificiis
789 1609 852 1658 erat;

180 1666 269 1726 -tempia
287 1663 365 1710 Deum
382 1665 517 1724 aliquantum
536 1667 640 1713 tenebant
657 1666 715 1711 loci:
742 1664 769 1712 eei
791 1666 852 1728 priua

186 1730 254 1776 ariete
268 1729 364 1783 admoto,
381 1736 472 1791 quatere
487 1744 562 1775 muros
578 1735 693 1788 turresque
708 1729 792 1790 coepit:
815 1729 853 1778 de·

186 1795 245 1846 inde,
261 1808 312 1839 oum
326 1809 354 1839 eo
368 1793 486 1840 multitudo
501 1801 625 1840 occurreret
639 1793 667 1838 ad
679 1792 851 1847 defendendum,

187 1856 256 1905 alteri
270 1872 359 1918 quoque
371 1866 433 1917 parte
443 1857 545 1902 admotus
556 1857 624 1903 aries:
643 1863 667 1902 et
676 1857 724 1918 jaun
739 1858 853 1918 ntn'mque

186 1923 340 1968 sternebantur
353 1921 423 1966 muri:
442 1920 471 1966 ad
484 1935 578 1980 quorum
592 1935 667 1966 casum
680 1934 732 1966 cum
743 1921 853 1982 impetum

179 1985 286 2032 ‚Romam
296 1985 377 2032 milites
386 1999 426 2046 per
435 1985 505 2045 ipsun
517 1990 613 2045 stragem
624 1984 736 2030 ruinarum
743 1983 851 2039 facerent,

186 2050 224 2096 aiii
234 2048 299 2095 scalis
308 2049 375 2096 etiam
386 2048 515 2094 adsoeruum
525 2048 549 2092 in
563 2063 639 2094 muros
653 2055 765 2095 tentarent
771 2066 779 2106 ;
797 2049 854 2096 adeo

170 2135 175 2140 ·
188 2114 298 2161 obstinate
308 2113 436 2159 restiterunt
443 2111 552 2173 oppidani,
565 2119 589 2158 ut
597 2110 660 2158 sucile
668 2119 789 2173 appareret,
801 2114 853 2174 plus

185 2179 211 2224 iu
224 2177 290 2222 armis
305 2184 328 2222 et
344 2177 432 2229 virtute,
449 2191 515 2236 quum
530 2176 553 2222 in
568 2176 683 2228 moenibus,
702 2177 777 2222 auxilii
793 2193 849 2226 esse.

186 2241 287 2290 Coactus
300 2255 355 2301 ergo
368 2240 466 2300 periculo
480 2240 575 2286 militum
590 2248 671 2300 praetor
688 2242 785 2301 receptui
803 2242 854 2288 cani

177 2305 257 2366 -juasit,
270 2321 299 2351 nu
308 2305 411 2366 objiceret
421 2303 522 2350 incautos
531 2303 654 2350 furentibus
664 2304 853 2366 desperationem

186 2367 253 2414 rabie.
287 2367 392 2414 Diremto
405 2367 492 2428 proelio,
508 2383 537 2414 ne
551 2375 599 2413 turn
611 2368 700 2428 quidem
714 2368 743 2414 ad
753 2370 852 2429 quietem

185 2433 262 2487 versi;
283 2433 323 2478 sed
340 2431 436 2490 undique
454 2443 532 2478 omnes
551 2431 579 2478 ad
597 2431 715 2478 munienda
730 2440 754 2478 et
773 2435 854 2479 obmo-

183 2492 264 2545 iienda,
280 2510 331 2554 quae
342 2496 410 2540 ruinis
421 2502 489 2540 atrata
499 2503 569 2548 eraut,
585 2503 751 2544 concurrerunt.
787 2495 854 2542 Huic

184 2558 246 2613 operi
256 2558 348 2604 intentis
358 2559 485 2619 supervenit
497 2559 529 2613 Q
537 2556 657 2614 Antonius,
669 2575 683 2605 a
692 2567 790 2620 praetore
798 2561 855 2606 mis-

184 2629 230 2670 Μ»
239 2620 284 2677 qui,
293 2622 401 2685 castigata
407 2622 618 2685 perunaciaeorum,
632 2623 855 2688 “Majoremcursm
