1867 2925
119 119 122 125 ’
159 152 206 217 rai
253 127 724 212 n..n1vnnnxxxlu.,cni.sn

157 278 356 329 metiundum
372 277 491 331 Euboeam,
508 284 532 325 et
546 276 675 339 Magnetas,
692 273 822 325 montoir

158 337 297 396 Perrbaebos,
315 342 414 389 Acbaeoa
425 340 569 398 Phthiotas.”
603 340 762 391 Percenauerat
773 352 823 409 om3

154 398 195 450 ties
210 415 297 467 gentes,
315 423 366 467 quae
380 409 421 453 aub
436 407 520 454 ditione
536 405 632 467 Philippi
648 404 708 467 regia
721 402 825 449 fuerant..

156 468 242 516 Audita
259 487 315 518 voce
333 472 450 534 praeconia,
472 472 544 533 majus
562 469 669 532 gaudium
686 468 735 521 fuit,
753 480 823 526 quam

155 534 216 594 quod
223 535 351 584 universum
361 536 463 582 homines
473 541 583 597 caperent.
613 533 660 579 Vix
671 533 723 579 satis
732 530 826 582 credere

155 612 181 644 se
190 600 282 661 quisque
292 601 391 647 audisse:
411 601 448 647 alii
457 600 512 647 alios
523 598 610 652 intueri,
626 596 749 643 mirabundi
759 594 825 641 velut

155 660 237 728 somnii
247 680 327 710 vanam
338 665 446 726 speciem:
466 663 526 724 quod
536 664 565 711 ad
575 678 685 723 quemque
693 660 827 725 pertinerent

156 742 245 785 suarum
264 729 349 774 aurium
365 728 415 775 fidei
434 729 551 775 minimum
568 728 689 779 credentes,
707 724 824 787 proximos

156 791 328 853 interrogabant.
363 792 493 839 Revocatus
507 808 588 854 praeco,
606 807 657 838 curn
673 789 825 851 unusquisqne

156 869 202 906 non
213 856 295 909 audire,
308 856 347 903 sed
358 858 439 911 videre,
451 858 556 903 libertatis
568 870 614 902 auae
626 856 728 902 nuntium
739 860 826 904 averet.

155 911 236 967 iterum
248 915 423 985 [pronuntiaret]
433 922 516 967 eadem.
536 920 597 975 Tum
607 922 634 963 ab
642 918 755 977 eertojam
765 930 828 977 gau-

156 980 193 1028 dio
200 990 276 1029 tantus
284 999 335 1030 eum
346 984 443 1029 clamore
449 986 539 1043 plausus
548 992 582 1031 est
593 989 662 1034 ortus,
671 980 782 1039 totiesque
790 995 829 1025 re-

155 1046 245 1110 petitus,
263 1056 288 1093 ut
304 1047 370 1093 facile
385 1055 505 1109 appareret,
524 1046 578 1091 nihil
596 1046 695 1093 omnium
701 1046 705 1099 ζ
713 1044 827 1095 bonorum

155 1111 291 1162 multitudini
301 1112 394 1173 gratius,
406 1127 473 1171 quam
483 1110 606 1172 libertatem
617 1124 673 1156 esse.
701 1107 828 1160 Ludicrum
894 1166 897 1171 Ι

155 1174 235 1221 deinde
248 1176 279 1222 ita
293 1176 373 1237 raptim
387 1184 500 1237 peractum
515 1181 556 1227 est,
574 1181 599 1219 ut
610 1174 691 1220 nullius
702 1188 744 1219 nec
754 1173 828 1219 animi

155 1253 197 1285 nec
208 1240 266 1285 acub
278 1241 403 1301 spectaculo
420 1240 500 1287 intenti
515 1245 602 1285 essent:
621 1238 678 1285 adeo
686 1252 756 1283 unum
766 1252 830 1299 gau-¹

154 1301 216 1349 dium
234 1303 430 1367 preoccupaverat
447 1304 547 1351 omnium
566 1303 657 1349 aliarum
677 1300 767 1349 sensum
782 1307 828 1347 vb-

157 1368 276 1430 inpiatum.

162 1429 167 1480 Ῐ
189 1432 315 1480 XXXIII.
329 1434 401 1482 Ludis
410 1449 464 1481 vero
475 1432 578 1488 dimissis,
590 1448 656 1483 cursu
666 1448 736 1497 prope
746 1440 831 1482 omnes

154 1498 247 1547 undere
256 1498 285 1544 ad
295 1500 450 1560 imperatorem
461 1499 606 1557 Romanum
621 1507 653 1553 ut,
671 1507 750 1546 ruente
756 1494 830 1547 turbti

154 1562 178 1622 in
193 1577 271 1616 unum,
283 1564 349 1617 adire,
368 1565 499 1625 contingere
513 1563 614 1612 dextram
626 1562 768 1625 cupientium,
785 1577 829 1608 co-

157 1640 223 1672 ronas
233 1626 397 1688 lemniacosque
406 1628 545 1690 jacientium,
562 1629 620 1674 haud
634 1629 712 1690 procul
725 1625 831 1689 periculo

152 1687 228 1739 fucrit.
264 1691 309 1737 Sed
326 1700 374 1738 erat
388 1693 456 1738 trium
470 1692 540 1738 ferme
555 1699 577 1738 et
592 1693 683 1754 triginta
695 1705 826 1748 'annorum3

154 1760 177 1800 et
195 1768 246 1800 cum
261 1757 328 1801 robur
337 1761 448 1817 juventae,
467 1765 516 1802 tum
527 1755 633 1818 gaudium
645 1771 673 1804 ex
684 1764 730 1804 tam
740 1755 831 1818 Insigni

154 1818 233 1880 gloriae
243 1818 325 1872 fructu,
337 1821 396 1867 vires
410 1821 590 1882 suppeditabant:
609 1833 760 1883 necfpraeseua
774 1835 828 1866 om·

155 1883 218 1930 nium
228 1885 296 1930 modo
310 1883 381 1931 effusa
394 1885 472 1932 iaetitia
487 1893 535 1942 est3
553 1885 598 1939 aed,
616 1901 656 1947 per
671 1886 753 1932 multos
768 1885 825 1939 dies,

155 1948 226 2007 gratia
247 1957 270 1995 et
295 1949 466 2010 cogitationibus
492 1959 515 1994 et
541 1951 679 1996 sermonibus
705 1956 824 1997 revocata:

156 2011 243 2058 “Esse
253 2013 348 2072 aliquam
361 2015 386 2059 in
400 2014 464 2060 terris
479 2020 578 2074 gentem,
594 2029 652 2076 quae,
665 2012 706 2061 suti
715 2011 825 2076 impensi,

154 2089 197 2134 auo
208 2075 283 2122 labore
296 2093 322 2124 ac
336 2077 441 2138 periculo,
457 2077 514 2123 bella
527 2085 591 2139 gerat
605 2095 646 2140 pro
660 2079 760 2125 libertate
770 2079 830 2130 aiio-

154 2154 218 2186 rum:
244 2156 285 2186 nec
307 2141 350 2188 boc
368 2141 475 2195 finitimis,
493 2151 531 2187 aut
552 2144 683 2204 propinquae
704 2143 827 2190 vicinitatis

153 2203 286 2257 hominibus,
310 2217 349 2252 aut
375 2206 439 2252 terris
467 2207 591 2252 continenti
608 2205 702 2268 junctis
714 2215 825 2269 prestet:

45 2295 64 2318 .,
151 2269 221 2315 maria
234 2269 334 2332 trajiciat,
354 2284 383 2316 ne
397 2270 458 2331 quod
474 2277 521 2316 toto
533 2272 585 2316 orbe
596 2279 705 2320 terrarum
715 2273 826 2334 injustum

151 2333 268 2395 impeqium
279 2335 316 2387 sit,
327 2341 351 2381 et
361 2336 441 2394 ubique
444 2335 491 2396 jus,
503 2334 545 2388 sas,
556 2335 594 2382 lex
605 2337 759 2397 potentissima
769 2335 827 2383 sint.

153 2395 208 2444 Una
225 2415 283 2445 voce
299 2400 409 2460 praeconis
426 2399 528 2445 liberatas
546 2415 624 2448 omnes
643 2401 743 2448 Graeciae
758 2409 827 2464 atque

152 2453 216 2507 Asiae
226 2465 297 2509 urbes.
318 2463 372 2510 Hoc
380 2479 420 2525 spe
428 2463 553 2524 concipere,
566 2465 655 2512 audacis
664 2465 732 2512 animi
739 2465 827 2524 suisse3

150 2523 180 2570 ad
190 2524 293 2575 effectum
304 2529 419 2581 adducere,
432 2528 522 2574 virtutis
534 2536 557 2574 et
567 2529 666 2576 fortunae
677 2529 803 2593 ingentia.”

186 2587 309 2637 XXXIV.
328 2592 456 2640 Secundum
466 2592 517 2646 ista,
526 2593 575 2654 jam
588 2593 696 2648 Quintius
709 2602 733 2642 ct
746 2595 831 2650 danao

150 2651 219 2717 legati
236 2654 359 2716 legationes
374 2672 461 2720 regum,
476 2657 586 2720 gentium,
605 2659 830 2730 civitatiunquqau„
