1867 2925
157 178 208 225 882
248 174 278 223 Τ.
292 172 383 223 mvn
398 170 454 223 Lu.
467 170 607 223 xxxva
628 172 689 226 Cur.
701 178 743 223 41.

158 304 303 354 milleisrrue
317 306 433 367 sq‘uitum:
454 320 537 368 ogerus
551 321 600 353 eam
614 308 733 355 voosbm
769 306 837 355 Medi
924 322 925 363 ζ

157 379 222 419 utut
232 371 285 419 lecti
299 372 349 426 viri,
365 378 390 418 et
403 372 503 433 ejusdem
520 372 617 433 regionis
632 372 698 419 mixti
711 372 836 421 multarum

157 436 261 499 gentium
279 438 382 497 equites:
407 437 527 484 continens
545 437 580 483 his
598 450 655 513 grex
674 436 774 499 sedecim
791 438 837 484 ele·

157 503 293 565 phmtorurn
315 509 351 549 est
372 502 488 563 oppositus
507 501 530 547 in
551 502 658 548 subsidiis.
699 502 738 549 Ah
756 499 837 549 eidem

157 575 228 630 purte
246 566 361 630 paululum
377 566 487 629 producto
504 582 581 619 cornu,
601 567 662 629 regin
676 568 758 613 cohors
770 575 834 614 erute

158 632 325 696 Argyraspides
336 647 349 677 a
359 647 443 693 genere
452 646 568 681 armorum
578 632 751 694 appellabantur.
780 630 837 679 'Ds-

157 698 195 745 ho
209 697 296 750 deinde,
314 698 400 758 equites
413 697 531 759 sagittarii,
549 698 609 743 mille
622 704 645 743 et
660 695 763 743 ducentii
786 703 836 743 tum

157 760 215 809 loris
225 771 338 809 armeturu
348 763 416 808 trium
426 762 529 815 millium,
541 763 589 823 puri
597 761 667 808 ferme
678 776 774 807 numero
783 776 836 823 pars

158 824 288 880 Cretenses,
300 842 352 889 pars
362 826 460 881 Trullcs:
478 827 523 873 duo
533 827 603 873 millia
611 834 634 873 et
642 826 761 889 quingenti
769 826 835 887 Mysi

158 892 279 954 ngittariis
293 893 391 955 sdjuncti
406 900 476 938 erant.
513 892 649 938 Extremum
663 906 734 937 cornu
745 890 836 938 claude·

65 977 68 988 ·
156 958 211 1003 hant
221 965 317 1019 quatuor
328 957 396 1003 millia
407 957 472 1003 mixti
487 954 575 1018 Cyrtaei
588 956 719 1008 lundhnres,
737 962 761 1001 et
776 954 837 1017 Ely-

156 1023 210 1069 maei
225 1022 341 1083 sagittarii.
377 1022 414 1068 Ab
428 1020 489 1068 laevo
504 1036 574 1067 cornu
589 1021 723 1083 phalangitis
735 1020 836 1083 adjuncti

157 1093 222 1133 aunt
232 1086 371 1147 Gallograeci
382 1087 470 1146 equites
480 1086 541 1133 mille
552 1093 575 1131 et
588 1086 719 1147 quingenti3
737 1093 761 1131 et
773 1085 836 1131 simi·

156 1150 208 1196 liter
219 1151 254 1197 his
264 1151 343 1197 armati
353 1150 399 1196 duo
409 1151 479 1197 millia
491 1149 649 1212 Cappadocum
664 1147 704 1212 [ab
714 1150 836 1196 Ariarathe

157 1214 220 1261 missi
237 1221 302 1268 erant
322 1216 377 1277 regi.
429 1213 487 1261 Inde
506 1216 623 1262 auxiliares
645 1215 709 1260 mixti
731 1215 835 1261 omniurn

157 1294 266 1342 genemm
278 1280 324 1327 duo
334 1281 403 1327 millis
413 1288 436 1326 et
448 1280 591 1342 sepfiugenti,
606 1285 630 1326 et
641 1280 683 1325 tris
693 1279 765 1325 millia
774 1288 837 1327 cntu-

135 1366 141 1377 ·
157 1346 301 1407 pltrsctorum
316 1346 424 1408 equitum,
442 1352 465 1391 et
478 1344 539 1391 rnille
553 1344 589 1391 alii
605 1345 697 1405 equites,
715 1345 780 1405 regis
793 1345 835 1398 uls,

157 1410 278 1460 levioribus
288 1411 418 1474 tegimentis
429 1411 475 1457 suis
486 1424 645 1472 equorumque,
663 1409 707 1455 elio
717 1409 779 1455 haud
790 1408 837 1456 dis·

158 1477 224 1523 simili
235 1478 322 1526 habitu:
340 1477 393 1537 Syri
403 1477 502 1538 plerique
509 1483 579 1528 erunt,
593 1473 722 1538 Phrygibus
730 1483 755 1520 et
764 1473 837 1536 Lydis

157 1541 261 1588 immixti.
298 1543 360 1588 Ante
370 1543 431 1588 hunc
441 1541 564 1601 equitatum
574 1540 662 1587 falcatae
673 1540 797 1602 quadrigoe,
813 1547 837 1586 et

157 1607 245 1659 cameli,
261 1620 317 1666 quos
332 1607 443 1667 appellant
458 1605 588 1652 dromedas:
608 1606 643 1653 his
657 1605 785 1652 insidebant
799 1606 837 1651 A·

158 1671 221 1717 rubes
274 1671 348 1723 'ttsrii
364 1671 450 1732 gladios
461 1671 568 1717 habentes
579 1681 665 1723 tenues,
681 1670 766 1731 longos
779 1677 837 1732 qua-

158 1743 224 1782 terno
233 1751 262 1782 cu
276 1735 313 1787 tu,
326 1743 352 1781 ut
362 1749 391 1781 ex
402 1733 465 1782 tanti
475 1735 592 1782 altitudine
602 1735 735 1796 contingere
746 1736 836 1782 hostem

157 1808 257 1863 possem.
293 1799 351 1847 lude
361 1801 404 1848 ulia
414 1799 541 1854 multitudo,
557 1816 597 1862 par
612 1801 640 1854 ei,
657 1799 744 1860 quaein
756 1800 837 1848 dextro

158 1881 230 1912 cornu
244 1873 305 1922 erat3
322 1866 387 1927 primi
402 1863 527 1918 Tarentini,
543 1864 623 1912 deinde
636 1865 836 1926 Gallograecorum

157 1932 259 1992 equitum
269 1931 315 1976 duo
325 1931 394 1977 millia
401 1937 424 1976 et
432 1930 557 1993 quingenti,
569 1931 622 1976 inde
630 1928 758 1976 Neocretes
766 1929 835 1986 mille,

157 2002 182 2042 et
191 1996 271 2041 eodem
282 2003 370 2042 armatu
382 1993 452 2043 Cares
462 2001 487 2041 et
498 1993 581 2042 Cilices
592 1993 653 2041 mille
667 2004 690 2040 et
705 1995 834 2058 quingenti,

157 2067 182 2107 et
191 2060 285 2106 totidem
296 2059 393 2114 Tralles,
409 2069 432 2106 et
446 2061 489 2108 trit
503 2060 573 2106 millia
585 2067 721 2106 cetmtorum
737 2059 837 2122 (Pinus

157 2125 181 2171 hl
195 2132 267 2178 erant,
284 2131 308 2171 et
323 2124 456 2186 Pamphylii,
475 2131 498 2171 et
511 2122 606 2185 Lycii);
624 2132 672 2170 tuni
687 2121 836 2185 wantum
921 2169 922 2174 ,

157 2195 181 2235 et
192 2188 348 2250 Elymaeorum
363 2191 424 2250 paria
438 2191 462 2234 in
478 2189 558 2236 dextro
571 2203 641 2236 cornu
651 2189 731 2235 loomin
743 2189 835 2244 auxilia,

157 2259 180 2300 et
192 2254 305 2300 sexdecim
316 2254 427 2314 elephmti
437 2254 527 2300 modico
537 2254 655 2300 intervallo
666 2253 784 2300 &stantes

191 2317 261 2364 XLI.
280 2319 334 2365 Rex
348 2318 396 2380 ipse
410 2319 433 2363 in
447 2318 540 2364 dextero
551 2333 622 2364 cornu
632 2326 691 2364 eret:
713 2318 835 2366 Seleucum

156 2379 229 2428 ulium
239 2389 262 2428 et
273 2384 418 2444 Antipatrum
428 2381 504 2428 fratris
513 2382 584 2430 lilium
596 2383 618 2428 in
629 2383 687 2429 luero
695 2383 833 2444 praeposuitt
920 2391 921 2416 l

156 2445 230 2492 medis
240 2447 301 2494 scies
312 2449 382 2494 tribus
396 2448 512 2509 permissu,
530 2447 635 2500 Minioni,
651 2453 675 2492 et
689 2445 796 2500 Zeurtidi,
812 2453 836 2493 et

156 2504 262 2570 Philippo
272 2513 383 2573 magistro
395 2512 573 2574 elephantorum.
608 2511 698 2558 Nebula
711 2512 832 2564 matutine,

156 2581 273 2619 mente
283 2577 321 2621 die
328 2577 402 2623 leuutu
408 2577 433 2621 in
440 2578 518 2631 nubes,
531 2577 649 2638 caliginem
658 2575 733 2632 dedit3
749 2575 833 2622 humor

155 2629 215 2684 lude,
230 2637 257 2681 ab
267 2638 357 2686 Austro
365 2641 435 2695 velut,
446 2640 545 2703 perfudit
556 2641 643 2688 omnis:
663 2655 714 2702 quae
725 2639 782 2685 nihil
794 2639 834 2686 sd-
919 2665 920 2668 =

155 2695 248 2744 nodum
258 2699 378 2759 Romanis
391 2705 470 2755 codun
480 2704 662 2770 perincommoda
672 2704 740 2766 regiis
751 2701 832 2752 oranti
