1867 2925
200 128 231 176 Τ.
245 126 333 179 LIVII
350 128 404 177 Lm.
418 129 533 178 XXXII.
553 129 614 182 Car.
630 134 668 179 14.
736 136 770 183 68

97 261 175 313 tuenda
191 260 279 307 moenia
296 258 364 314 iacto,
384 261 466 322 repulsi
484 268 544 307 sunt.
580 260 704 311 Callithera
719 262 774 314 inde

97 327 202 389 aggressi,
222 326 319 371 similem
336 326 446 387 impetum
464 328 625 388 oppidanorum
636 328 773 389 pertinacius

98 393 249 437 sustinuerunt
257 408 265 447 ;
283 390 449 451 compulsisque
466 392 525 437 intra
541 392 631 445 moenia,
644 394 682 453 qui
693 408 774 456 erupe-

97 465 150 507 rant,
165 454 308 503 consentiet
324 454 425 509 victorici,
438 458 490 516 quia
506 472 558 517 spes
575 457 637 503 nulla
651 458 772 505 admodum

97 521 240 583 expugnandi
251 529 306 573 erat,
316 522 480 567 abscesserunt.
514 520 619 567 Theumu
630 522 682 569 inde
692 529 716 569 et
727 520 774 571 Ca·

96 588 184 633 lathana
192 586 256 632 vicos
267 592 400 647 expugnant
416 586 576 647 diripiuntque.
611 586 724 633 Acharras
734 602 774 648 pes

97 652 230 698 deditionem
247 657 387 711 receperunt
424 650 510 710 Xyniae
527 651 594 697 simili
605 659 667 697 metu
677 667 691 698 a
702 652 775 699 mlto-

97 718 155 766 ribus
166 716 263 762 desertae
275 722 335 761 sunt.
366 714 421 761 Hoc
433 715 522 762 sedibus
534 717 580 762 suis
591 724 682 763 extorre
691 731 774 779 quien

96 783 118 828 in
133 782 264 843 praesidium
276 780 360 834 incidit,
373 780 433 841 quod
445 778 631 845 [Athamanum],
649 797 694 842 quo
705 782 776 829 tutior

96 845 242 893 frumentatio
262 852 330 899 esset,
347 846 483 891 ducebatur:
508 846 623 892 incondita
638 847 776 907 inermisque

98 911 226 963 multitudo,
239 911 310 956 mixta
318 910 401 956 imbelli
413 908 484 965 turbis,
501 912 529 957 ab
547 910 639 958 ennatis
649 922 714 958 caesa
729 918 772 959 est.

100 976 185 1037 Xyniae
203 976 300 1022 desertae
322 975 462 1036 diripiuntur.
506 974 612 1037 Cyphara
630 976 683 1022 inde
701 976 776 1023 AEtoli

98 1042 195 1103 cupiunt,
222 1047 348 1101 opportune
370 1039 477 1102 Dolopiae
503 1040 623 1086 imminens
648 1042 773 1087 castellum.

96 1106 159 1153 Haec
168 1105 250 1167 raptim
260 1106 319 1151 intra
330 1120 413 1166 paucos
424 1106 471 1151 dies
481 1107 509 1151 ab
519 1106 605 1153 AEtolis
615 1114 687 1168 gesta.
713 1104 776 1153 ’Nec

96 1170 250 1231 Amynander
266 1176 332 1230 atque
343 1171 491 1224 Athamanes,
503 1179 555 1232 post
568 1170 650 1219 famam
661 1186 777 1235 prosperis

96 1251 183 1297 pugnae
192 1235 358 1287 Romanorum,
371 1236 511 1295 quieverunt.

131 1298 205 1347 XIV.
227 1298 343 1347 Caeterum
355 1300 510 1360 Amynander,
528 1301 580 1361 quia
595 1316 637 1347 suo
653 1302 719 1348 militi
736 1317 778 1363 pa-

97 1382 148 1413 rum
159 1364 250 1417 fidebat,
267 1365 337 1425 petito
353 1364 380 1410 ab
391 1366 484 1418 consule
498 1366 587 1411 modico
597 1367 710 1427 praesidio,
723 1380 777 1413 cum

99 1430 222 1492 Gomphos
233 1436 326 1491 peteret,
339 1430 444 1492 oppidum
455 1432 558 1492 protinus
567 1432 659 1478 nomine
667 1430 776 1488 Paeonio,

97 1497 169 1544 situm
181 1497 241 1541 inter
253 1495 372 1556 Gomphos
386 1495 507 1556 faucesque
524 1503 633 1558 angustas
643 1512 695 1557 quae
703 1498 778 1544 Atha·

97 1559 176 1608 mania
187 1559 328 1606 'llaessaliam
337 1560 450 1616 dirimunt,
461 1562 484 1606 vi
493 1562 559 1622 cepit
590 1560 647 1609 Inde
656 1563 778 1624 Gomphos

97 1628 208 1682 adortus;
221 1631 244 1671 et
255 1641 294 1686 per
305 1625 390 1686 aliquot
401 1625 448 1672 dies
459 1624 548 1673 summi
558 1627 581 1673 vi
593 1628 670 1674 urbem
679 1635 776 1680 tuentes,

97 1708 150 1738 cum
161 1690 359 1738 scalasedmoenia
368 1691 483 1744 erexisset,
494 1688 597 1755 [eodern]
609 1700 671 1739 metu
681 1692 779 1755 perpulit

97 1757 126 1804 ad
134 1756 282 1803 deditionem.
318 1754 379 1801 Haec
389 1756 480 1804 traditio
491 1756 649 1818 Gomphorum
660 1759 778 1819 ingentem

97 1828 210 1869 terrorem
222 1819 338 1867 Thessalis
348 1821 431 1866 intulit
466 1819 581 1868 Dedidere
597 1823 702 1883 deinceps
719 1837 777 1876 aeae,

96 1889 135 1948 qui
147 1887 263 1948 Argenta,
277 1885 359 1945 quique
369 1884 501 1940 Pherinum,
513 1893 537 1933 et
547 1886 689 1940 Thimarum,
701 1894 725 1934 et
737 1886 780 1934 Lir

96 1953 168 2004 mnas
178 1958 202 1996 et
214 1950 349 2003 Stimonem,
362 1957 385 1996 et
396 1949 520 2013 Lampsum
531 1953 620 2006 habeut,
632 1953 719 2013 aliaque
728 1967 780 2000 oes-

96 2018 152 2064 tella
167 2017 238 2078 juxta
254 2015 368 2076 ignobilia.
409 2015 474 2062 Dum
493 2017 633 2064 Athamanes
652 2018 779 2078 AEtolique

98 2085 207 2129 submoto
219 2080 374 2127 Macedonum
391 2087 461 2134 melu,
480 2082 503 2126 in
520 2080 592 2128 alieni
606 2082 700 2129 victorii
715 2097 779 2130 suam

97 2148 201 2210 praedam
212 2145 306 2200 faciunt,
318 2145 479 2207 Thessaliaque
489 2162 503 2193 a
513 2148 584 2194 tribua
598 2147 665 2194 mmul
674 2146 780 2194 exerciti·

98 2213 149 2268 bus,
169 2213 258 2258 incerta
272 2226 339 2272 quem
355 2212 451 2265 hostem,
465 2227 562 2273 quemve
572 2213 658 2259 socium
670 2213 779 2264 crederet,

99 2285 205 2325 vastatur
210 2293 219 2334 ς
238 2275 318 2322 consul
328 2275 435 2329 faucibus,
448 2291 504 2337 quas
513 2277 570 2339 fuga
579 2278 678 2324 hostium
686 2290 781 2336 aperue-

98 2350 141 2398 rat,
161 2343 187 2388 in
202 2341 320 2403 regionem
336 2340 400 2402 Epiri
418 2349 578 2404 transgressus,
597 2343 639 2388 etsi
649 2342 719 2402 probe
730 2340 780 2394 scit,

74 2437 77 2444 ·
98 2409 137 2455 oui
152 2408 221 2470 parti,
238 2405 345 2467 Charopo
361 2407 460 2468 principe
476 2415 579 2470 excepto,
598 2407 701 2468 Epirotae
711 2404 781 2458 lavis,-

99 2482 169 2532 aent;
187 2480 273 2526 tamen,
286 2472 338 2532 quia
348 2472 375 2517 ab
386 2471 535 2520 satisfaciendi
545 2487 635 2531 quoque
646 2468 700 2515 curi
710 2471 782 2531 impe·

97 2547 149 2586 rata
160 2539 226 2586 enise
235 2537 309 2583 facere
320 2536 388 2591 videt,
405 2551 434 2582 ex
450 2537 558 2598 praesenti
572 2550 611 2580 eos
628 2533 781 2594 potiusquam

97 2619 129 2652 ex
137 2603 258 2667 praeterito
268 2603 365 2648 aestiruat
375 2602 458 2654 habitu,
468 2608 492 2647 et
502 2599 530 2646 ei
540 2595 589 2658 ipsi
595 2596 701 2645 facilitate
708 2597 783 2642 veniae

98 2670 192 2726 animoa
203 2682 285 2742 eorum
295 2667 320 2714 in
332 2673 449 2730 posterum
458 2663 578 2770 Δοοιιιῦζῑί,ι
613 2656 774 2727 Μὶωὶδράῑῑᾶ

506 2741 523 2772 o
