1867 2925
166 150 214 200 102
261 147 293 197 T:
303 144 392 196 L1v11
408 144 461 195 Ina
476 141 603 195 XXXIII.
623 143 686 197 Car,
698 144 734 195 102

161 275 237 328 motin
256 279 340 327 clamor
357 279 438 326 dieitur
455 277 479 323 in
498 276 606 339 principio
621 292 705 340 pugnae
720 274 829 325 exorbus's

161 359 213 393 nam
223 345 282 391 forte
293 353 386 405 utraque
396 344 455 391 seies
465 342 532 389 simul
542 339 724 399 conclamavdre3
740 355 782 389 nec
793 358 833 389 so-

160 411 208 457 lum
223 411 263 470 qui
278 410 413 472 pugnabunt,
432 409 471 454 sed
487 408 582 455 subsidia
596 408 670 460 etism,
687 405 769 467 quique
781 414 834 453 tum

160 476 259 524 maome
272 476 296 521 in
310 473 413 537 proeliunr
428 473 553 519 veniebant.
588 472 679 519 Dextro
695 486 765 517 cornu
782 472 835 527 rex,

132 537 135 546 '
160 540 205 591 loci
220 540 341 601 plurimum
356 538 446 591 auxilio,
466 552 497 585 ex
511 538 574 600 jugis
590 537 703 583 altioribus
718 550 832 598 pugnans,
895 536 897 545 '

160 606 278 661 vincebam
294 605 391 656 sinistro,
409 612 458 649 tum
470 618 520 649 oum
535 602 632 649 msxime
643 602 835 663 appropinquante

161 665 835 795 ᾞὲεᾞῧᾱῗωῖοήῖἒεᾚπᾞὲῖὴ(1ῗὲᾟῆῗίἓί

161 792 265 846 dadum
280 813 350 844 cornu
364 805 418 851 erat,
436 798 509 844 stabat
523 797 648 858 spectaculo
662 796 725 842 velut
739 796 793 841 nibil
804 796 836 842 ad

162 880 187 911 se
197 863 327 925 pertinentis
337 878 421 924 pugne
431 864 530 908 intenta:
549 862 652 922 phalanx,
669 876 719 921 quae
732 868 834 915 venerat,

161 942 244 991 agmen
265 928 338 989 magis
358 942 424 988 quam
446 928 512 980 scies,
534 927 649 987 aptiorque
669 926 741 971 itineri
763 940 835 985 quaen

161 1008 253 1057 pugnae,
268 992 361 1038 vixdum
376 992 400 1038 in
409 993 493 1053 jugum
507 998 614 1037 evaserat.
650 988 679 1037 In
693 991 843 1037 busiacum·

161 1059 247 1120 positos
259 1056 374 1111 Quintius,
385 1070 518 1116 quamquam
529 1056 608 1117 pedem
617 1055 738 1101 referentes
745 1054 768 1099 in
777 1055 835 1101 dex·

161 1130 198 1169 tro
213 1136 284 1167 eomu
298 1136 351 1167 suos
365 1122 475 1173 cernebat,
493 1121 614 1182 elephantis
628 1120 689 1181 prius
702 1120 726 1165 in
742 1120 834 1167 hostem

161 1187 223 1238 actis,
235 1186 343 1247 impetum
353 1184 419 1241 facin
434 1192 496 1231 ratus
506 1191 591 1245 partem
599 1184 741 1245 profligstam
749 1190 835 1233 caetera

161 1258 289 1300 tracturam.
321 1249 376 1296 Non
388 1250 452 1296 dubis
462 1264 499 1296 res
508 1249 564 1295 fnit:
583 1248 695 1309 extemplo
706 1256 771 1309 terga
780 1264 835 1295 ver-

161 1313 210 1364 tere
225 1316 370 1368 Msoedones,
387 1322 473 1361 terrore
486 1315 558 1375 primo
572 1314 692 1359 bestiarum
705 1314 791 1370 sversi;
810 1321 836 1361 et

160 1382 237 1428 deteri
251 1382 341 1442 quidem
355 1380 397 1425 bos
411 1377 487 1440 pulsos
500 1378 652 1437 sequebantur.
689 1376 757 1423 Unus
767 1392 781 1424 e
791 1380 835 1424 tri-

160 1448 227 1494 bunis
238 1446 342 1496 militurn,
358 1443 472 1504 extemplo
486 1450 551 1504 eapto
566 1442 670 1496 consilio..
684 1458 736 1489 cum
751 1443 836 1504 viginti

161 1513 277 1575 signorum
289 1510 402 1562 militibus,
413 1506 490 1554 relicti
500 1505 527 1554 ed
537 1514 599 1569 perte
610 1523 700 1554 suorum
712 1523 762 1568 quse
772 1509 836 1556 baud

161 1577 227 1622 dubie
237 1576 346 1626 vincebat,
360 1574 423 1619 brevi
433 1573 527 1618 circuitu
538 1573 640 1620 dextrum
652 1587 721 1618 cornu
732 1573 834 1620 hostium

161 1655 265 1687 avernum
272 1639 364 1684 invadit.
390 1637 484 1684 Nullam
492 1637 562 1684 aciem
571 1638 598 1682 ab
608 1644 673 1698 tergo
684 1637 775 1684 adortus
786 1653 835 1686 non

161 1702 288 1759 wrbdsset3
305 1710 411 1749 caeterum
422 1703 450 1748 ad
459 1717 602 1748 communem
614 1703 713 1748 omnium
723 1702 750 1746 in*
758 1703 798 1748 tali
808 1719 836 1751 re

161 1768 329 1831 trepidationem
351 1767 451 1821 accessit,
474 1767 534 1827 quod
554 1767 651 1828 phalanx
669 1765 833 1822 Macedonum,

160 1834 237 1896 gravis
247 1840 314 1894 atque
327 1832 453 1883 immobilis,
468 1841 511 1878 neo
525 1831 676 1893 circumagere
690 1847 715 1878 se
729 1838 818 1892 poteret
825 1851 835 1892 ;

161 1913 203 1944 noo
218 1899 267 1951 boe,
285 1898 323 1958 qui
337 1912 351 1944 a
363 1896 445 1950 fronte,
461 1897 528 1958 paulo
542 1903 596 1942 ente
607 1897 686 1957 pedem
702 1896 834 1954 referentes,

161 1971 217 2010 bine
224 1964 283 2010 ultro
291 1961 374 2008 territis
381 1962 499 2014 instabant,
508 1961 653 2022 patiebantur.
675 1961 713 2008 Ad
721 1962 771 2015 hoo,
781 1962 836 2010 loeo

161 2028 228 2074 etiam
238 2029 401 2089 premebantur,
414 2027 465 2087 quia
470 2027 561 2088 jugum,
574 2041 603 2072 ex
614 2041 658 2087 quo
669 2035 834 2088 pugnaverant,

161 2093 214 2139 dum
225 2107 265 2154 per
274 2093 373 2153 proclive
380 2091 457 2154 pulsos
464 2091 617 2152 insequuntur,
630 2091 765 2138 tradiderant
773 2092 838 2140 hosti

160 2157 189 2205 ad
202 2164 267 2219 terga
281 2171 322 2203 sus
331 2157 490 2203 circumducto.
526 2154 641 2218 Paulisper
651 2156 675 2202 in
686 2157 759 2202 medio
770 2159 833 2214 eaesi,

161 2222 247 2276 deinde,
259 2222 348 2268 omissis
358 2222 456 2283 plerique
466 2221 540 2274 armis,
552 2229 671 2282 capessunt
680 2220 764 2282 fugam.

194 2287 227 2334 X.
252 2285 375 2348 Philippus,
395 2291 446 2332 tum
464 2285 542 2346 paucis
559 2285 657 2346 peditum
677 2286 837 2348 equitumque,

160 2353 232 2414 primo
243 2351 354 2398 tumulum
364 2351 466 2397 altiorem
478 2351 537 2396 inter
551 2358 644 2397 caeteros
659 2352 724 2412 oepit,
741 2359 767 2397 ut
781 2367 834 2414 spe-
919 2395 920 2400 ,

160 2417 279 2469 cularetur,
294 2431 346 2476 quae
360 2417 383 2461 in
397 2413 456 2462 levi
470 2421 533 2476 parte
547 2430 638 2462 suorum
652 2413 742 2461 fortune
755 2425 830 2464 esset:

159 2479 246 2533 deinde,
257 2489 375 2542 postquam
385 2481 463 2541 fugam
474 2478 565 2526 effusam
576 2480 738 2533 animadvertit,
746 2483 773 2526 'et
781 2496 834 2528 om·
919 2487 920 2490 ’

159 2544 197 2590 nis
207 2546 266 2591 cirea
275 2547 333 2607 juga
344 2546 415 2606 signis
425 2551 491 2604 atque
502 2545 568 2590 armis
579 2545 673 2606 fulgere,
689 2552 737 2590 tum
749 2545 834 2606 etipse

159 2607 207 2654 acie
221 2610 325 2656 excessit.
361 2610 475 2664 Quintius,
494 2623 545 2655 eum
561 2609 678 2659 institisset
693 2609 831 2665 cedentibus,

159 2680 257 2735 reperite,
266 2675 319 2738 quia
326 2675 521 2739 erigentesbastss
529 2673 667 2722 Maoedouas
674 2683 832 2737 conspexerat,
