1867 2925
202 143 231 208 Τ.
245 108 331 192 amri
347 144 400 193 nn,
415 140 538 207 xxxiv.
557 144 617 195 cn.
631 148 654 191 2.
716 146 760 203 ¹.ss

102 310 107 316 .
121 270 167 318 ‘II-
193 273 246 320 “Si
261 274 285 321 in
300 262 342 321 sud
356 276 450 337 quisque
464 275 566 323 nostrilm
582 270 761 326 matre-samtlise,

98 334 204 390 (hildim,
215 339 256 399 jus
268 348 296 401 et·
304 342 442 401 majestatem
456 341 499 387 viri
513 342 607 387 retinere
621 339 761 391 instituisset,

98 402 169 447 minua
193 418 245 448 cum
269 404 378 451 universis
401 404 490 452 feminis
513 405 598 467 negotii
621 404 759 449 haberemus.

97 455 165 511 Nune
180 466 240 529 domi
256 468 316 514 vieta
322 469 411 516 libertas
419 478 495 517 nostra
509 466 639 531 impotentii
652 467 761 519 muliebri,
791 479 793 483 ·

97 529 131 574 bie
141 545 230 591 quoque
240 532 264 577 in
274 530 323 579 loro
334 535 440 580 obteritur
450 541 474 580 et
484 535 593 583 calcatur:
612 539 642 585 et,
654 532 706 591 quia
716 532 763 575 sin-

95 594 158 653 gulas
176 596 287 643 sustinere
305 612 350 643 non
366 599 486 659 potuimus,
506 599 620 645 universas
637 597 759 643 horremus.

96 655 205 717 Equidem
213 660 308 707 fabulam
317 670 340 707 et
347 661 421 708 lietam
430 678 477 709 rem
485 663 591 709 ducebam
598 676 654 714 esse,
663 660 762 706 virorum

95 738 159 768 omne
173 740 247 784 genus
261 726 285 769 in
299 725 371 787 aliqud
380 726 453 773 insulis
462 728 614 789 conjuratione
625 724 724 771 muliebri
735 724 763 769 ab

94 787 160 847 stirpe
170 790 282 850 subletum
292 805 348 835 esse.
377 791 415 837 Ab
425 791 487 837 nullo
498 806 581 853 genere
592 805 638 835 non
649 802 760 835 summum

94 852 215 911 perieulum
227 861 269 906 est,
285 855 393 908 sicoetus,
409 864 432 901 et
446 855 547 913 concitis,
563 862 586 901 et
600 860 695 899 secretas
706 867 762 897 con-

94 914 225 962 sultationes
239 933 289 964 esse
303 919 368 965 sinas.
403 920 481 979 Atque
492 934 537 980 ego
546 919 586 965 vix
596 925 693 964 statuere
703 916 762 978 apud
797 926 798 937 ¹

93 980 192 1026 animum
203 997 278 1027 meum
289 998 387 1043 possum,
403 991 478 1028 utrum
492 984 554 1044 pejor
567 983 614 1043 ipsa
625 996 667 1034 ret,
684 994 712 1025 an
722 995 763 1041 pe-

89 1044 140 1105 jore
150 1046 253 1106 exemplo
264 1053 353 1107 agatur:
369 1062 464 1107 quorum
472 1047 565 1094 alterum
574 1046 602 1093 ad
609 1056 652 1092 nos
659 1045 763 1091 eonsules

25 1155 26 1176 ἒ
92 1108 233 1169 reliquosque
250 1111 400 1172 magistratus,
420 1112 514 1158 alterum
533 1110 628 1170 advos,
652 1109 761 1164 Quirites,
852 1148 855 1153 .

25 1213 26 1220 ,
91 1172 166 1236 magis
175 1174 304 1234 pertineret.
330 1174 392 1221 Nam
402 1174 623 1237 utrumerepublieti
633 1175 668 1228 sit,
681 1188 760 1226 necne,

25 1275 26 1280 ,
90 1236 120 1289 id,
137 1238 199 1297 quod
212 1238 241 1284 ad
255 1256 297 1285 vos
310 1238 387 1294 fertur,
402 1248 477 1288 vestre
487 1240 620 1286 existimatio
632 1246 672 1291 est,
689 1239 762 1298 quiin

91 1299 225 1363 suffragium
236 1303 290 1349 ituri
304 1304 365 1350 estis.
400 1304 461 1351 Haee
476 1305 625 1351 consternatio
640 1302 760 1355 muliebris,

90 1367 140 1412 sive
151 1363 192 1426 suri
203 1375 289 1428 sponte,
302 1369 350 1415 sive
358 1370 484 1415 auctoribus
494 1369 563 1421 vobis,
577 1368 613 1413 M.
625 1366 728 1413 Fundani
739 1374 762 1412 et

91 1428 122 1476 1.
132 1428 219 1485 Valeri,
234 1431 294 1480 faeta
307 1440 348 1487 est,
363 1434 497 1481 hauddubie
508 1432 633 1494 adeulpam
644 1430 762 1492 magistra-

89 1503 161 1549 tuum
167 1498 289 1559 pertinens,
304 1500 387 1552 neseio,
399 1499 468 1552 vobis,
484 1499 572 1551 tribuni,
587 1512 615 1543 an
627 1495 760 1550 consulibus,

25 1576 26 1601 i
89 1559 167 1622 magia
182 1561 212 1606 ait
225 1562 343 1609 deformis:
362 1564 431 1617 vobis,
448 1564 466 1609 si
476 1563 570 1610 seminas
581 1563 609 1608 ed
619 1560 762 1608 concitandas

87 1624 221 1679 tribunicias
240 1624 357 1674 seditiones
371 1629 420 1689 jam
437 1627 572 1673 adduxistis:
599 1627 669 1679 nobis,
690 1626 716 1680 si,
737 1633 763 1674 ut

87 1690 163 1750 plebis
178 1691 296 1748 quondam,
313 1693 345 1738 sie
358 1707 418 1737 nuno
432 1692 549 1737 mulierum
565 1691 689 1756 secessione
699 1691 762 1752 ΙΨ

86 1754 228 1820 seeipiendae
242 1763 301 1801 sunt.
336 1755 448 1816 Equidem
461 1771 507 1802 non
519 1756 566 1802 sine
577 1757 655 1802 rubore
665 1755 762 1815 quodam

86 1819 160 1884 paulo
179 1827 232 1864 ente
249 1835 289 1881 per
304 1821 401 1867 medium
417 1836 499 1882 agmen
515 1821 632 1867 mulierum
648 1818 762 1864 inferum

86 1884 193 1945 perveni.
222 1882 290 1937 Quod
300 1885 343 1930 nisi
353 1900 390 1931 me
400 1885 532 1932 verecundia
543 1885 679 1946 singidinum
690 1884 763 1948 magis

87 1949 218 2012 majtestatis
233 1958 261 1994 et'
271 1949 368 2010 pudoris,
386 1965 452 2010 quam
468 1950 628 2002 universarum,
646 1947 767 2002 tenuisset.

87 2028 119 2058 ne
130 2013 273 2075 compellatae
284 2029 298 2059 a
307 2014 399 2060 consule
409 2015 544 2067 viderentur,
560 2014 677 2060 dixissem:
698 2011 764 2066 ‘Qui
809 2015 812 2022 '

86 2077 127 2123 bie
137 2092 192 2122 mos
202 2078 267 2122 estin
275 2077 386 2138 publicum
395 2078 543 2140 procurrendi,
554 2087 579 2124 et
586 2077 698 2124 obsidendi
706 2077 762 2129 vias,

86 2150 114 2187 et
124 2142 191 2187 viros
200 2141 284 2187 alienos
294 2143 433 2203 appellandi?
452 2141 516 2188 istud
526 2143 598 2202 ipsum
608 2157 659 2188 suos
668 2156 763 2202 quaeque

86 2205 151 2252 domi
165 2221 248 2268 rogare
258 2221 303 2252 non
314 2206 436 2267 potuistis?
460 2207 499 2253 An
508 2206 632 2252 blandiores
642 2207 665 2251 in
676 2205 763 2266 publico

86 2286 157 2331 quam
169 2270 196 2316 in
206 2271 300 2332 privato,
312 2279 336 2316 et
343 2271 420 2316 alienis
427 2285 493 2331 quem
501 2271 589 2323 vestris,
601 2269 668 2316 estis?
685 2283 764 2328 quam·

86 2351 157 2396 qnam
170 2349 203 2382 ne
213 2335 273 2380 domi
284 2335 372 2395 quidem
385 2349 432 2388 vos,
449 2335 467 2380 si
479 2335 512 2381 sui
521 2335 579 2396 juris
589 2333 669 2379 finibus
679 2339 765 2376 matro-

85 2415 129 2446 nas
139 2399 272 2446 eontineret
281 2399 359 2460 pudor,
371 2414 422 2459 qua*
432 2399 494 2460 leges
506 2399 541 2444 hie
549 2404 687 2459 rogarentur,
698 2396 764 2440 abro-

84 2472 240 2526 garenturve,
257 2478 334 2510 curare
347 2462 438 2509 decuit'
471 2461 572 2524 Maiores
586 2461 656 2506 nostri
670 2459 762 2513 nullam,

84 2544 116 2576 ue
125 2530 244 2592 privatum
254 2527 350 2588 quidem,
366 2542 413 2572 rem
427 2542 495 2588 agere
504 2525 597 2584 feminas
608 2525 655 2569 sine
665 2529 763 2578 auctore,

84 2595 231 2648 volasenrnt5
246 2592 344 2639 inmenn
352 2598 532 2652 assepsrentum,
543 2589 643 2639 fratrum,
655 2587 762 2634 virorum.

85 2657 143 2724 llos
154 2654 477 2722 (siniisptacetnmetism
488 2651 643 2715 rempublicam
651 2665 770 2714 capessere
849 2681 893 2848 1
