1867 2925
101 194 106 205 1
183 127 215 180 n
228 125 319 180 mvn
332 127 630 180 nmxxxvnscn.
644 133 684 179 so
719 133 774 182 aot

96 259 120 308 si
135 258 214 306 mtrem
229 258 447 314 coslocothaherent,
460 259 640 308 etmoeuihusse
655 261 772 313 tenuem

98 337 181 386 nempe
196 324 339 386 oppugnandi
357 331 428 371 erant.
464 324 545 378 Quid?
567 325 595 372 ad
609 323 773 389 stermopylss

96 403 196 450 oeqnone
216 389 266 435 loco
284 388 485 436 Maniuslloilios
506 405 557 435 curn
579 405 634 452 rege
655 391 776 440 Antiocho,

69 449 71 454 '
97 453 228 516 pugnavit?
246 453 325 506 Quid?
344 452 472 515 Philippum
482 455 616 500 noneodem
628 456 696 502 modo
704 471 773 517 super

96 520 177 566 Aoum
193 532 281 564 amnem
294 519 352 579 juga
365 523 479 564 tenentem
495 519 606 565 montium
621 517 650 564 T.
662 518 771 572 Quintius

94 582 193 646 pleJecit?
214 581 326 642 Equidem
348 582 426 636 adhuc,
447 583 536 643 qualem
554 590 594 630 aut
615 583 655 630 sihi
675 583 770 646 fingant,
802 610 805 619 ι

96 655 137 699 out
147 647 211 694 vohis
222 647 291 694 videri
298 646 373 693 velint
379 649 466 694 hostem
476 646 552 700 fuisse,
564 663 611 694 non
621 647 718 695 invenio.
745 649 770 696 Si

96 711 233 772 degenerem
245 717 268 757 et
277 711 400 758 emollitum
414 713 545 758 amoenitste
557 713 629 766 Asiae,
644 714 698 773 quid
711 714 772 775 peri·

95 777 143 822 culi
153 776 192 822 vol
201 775 277 837 iniquo
287 776 338 822 loco
348 777 491 824 suheuntibus
502 775 565 822 fuiti
581 777 599 822 si
615 778 737 824 timendum
747 785 772 826 et

96 840 188 888 terium
198 841 330 894 animorum,
342 848 366 886 et
376 842 455 887 robore
470 856 595 902 corporum,
607 842 689 888 huicne
699 849 771 890 tantae

96 905 342 966 victoriastriumphum
351 905 457 966 negatis?
470 903 539 952 Caece
548 906 632 953 invidis
639 914 680 960 est,
691 906 771 954 Patres
855 904 859 912 '

97 969 237 1030 ¹conscripti3
255 969 426 1030 necquidquam
438 969 496 1015 aliud
508 971 556 1023 soit,
568 984 635 1031 quam
646 971 770 1019 detrectare

94 1034 200 1086 uirtutes,
211 1047 351 1094 corrumpere
361 1035 458 1080 honores
466 1035 591 1096 acpraemia
601 1050 684 1082 earum
699 1036 769 1090 Mihi,

92 1111 182 1160 quaeso,
194 1098 226 1144 ita
235 1099 364 1159 ignoscatis,
376 1097 456 1146 Patres
467 1100 594 1160 conscripti,
612 1100 630 1146 si
645 1101 770 1163 longiorem

93 1165 221 1210 orationem
236 1176 283 1208 non
299 1163 407 1224 cupiditas
420 1163 531 1224 gloriandi
541 1165 570 1210 de
579 1179 624 1218 me,
641 1166 680 1212 sed
691 1181 769 1213 neces-

94 1228 151 1276 saria
163 1227 281 1274 criminum
292 1226 392 1274 defensio
402 1226 464 1274 lecit
499 1227 538 1275 An
555 1227 621 1276 etiam
636 1245 678 1290 per
694 1229 769 1276 Thro-

92 1292 231 1340 ciam-saltus
238 1298 349 1352 potentes,
358 1292 395 1353 qui
406 1292 497 1354 angusti
507 1300 577 1347 erent,
587 1293 686 1360 etplono
695 1308 725 1340 ex
733 1310 770 1341 ar-
851 1336 855 1341 .

94 1357 151 1411 duis,
173 1361 196 1402 et
211 1356 270 1402 culta
287 1369 317 1402 ex
334 1356 477 1409 silvestribus,
493 1356 567 1403 facere
581 1358 651 1418 potui,
668 1365 693 1404 et
708 1373 768 1420 prae-

93 1429 161 1477 stare,
174 1421 252 1468 necubi
263 1421 323 1468 notis
342 1421 381 1468 sibi
397 1421 486 1468 latebris
501 1421 655 1469 delitescerent
669 1423 768 1471 latrones

92 1487 203 1539 Thraces,
220 1486 316 1546 nequid
332 1485 467 1534 sarcinarum
478 1495 598 1548 reperetur,
615 1502 645 1535 ne
660 1488 769 1551 quod-ju·

92 1558 197 1599 mentum
208 1564 238 1597 ex
248 1557 310 1597 tanto
321 1552 412 1611 agmine
425 1551 594 1606 abstraheretur,
611 1567 640 1599 ne
655 1553 705 1613 quis
715 1554 767 1600 vul-

93 1622 218 1669 neraretur,
239 1630 269 1661 ne
284 1630 314 1661 ex
330 1615 422 1661 vulnere
439 1616 476 1669 via
490 1615 554 1662 fortis
573 1632 599 1663 ac
617 1625 720 1665 nmnuus
732 1618 765 1671 Q,

92 1680 213 1731 disiunctus
226 1680 378 1726 moreretur?v
400 1678 429 1725 In
446 1680 490 1726 hoo
508 1694 568 1735 casu,
587 1697 633 1741 quo
651 1680 769 1729 infeliciter

90 1746 174 1794 incidit
188 1752 214 1791 nt
229 1745 295 1791 talem
310 1744 382 1791 civem
396 1744 553 1797 amitteremus,
572 1746 664 1792 haerent.
699 1744 770 1799 Quod

100 1812 161 1861 saltu
177 1809 261 1869 iniquo,
281 1808 331 1855 loco
349 1809 427 1861 slieno,
448 1824 500 1855 cum
518 1809 610 1857 adortus
628 1810 699 1856 hostis
726 1826 769 1857 nos

89 1880 164 1929 ‚esset
185 1874 237 1921 duae
257 1872 399 1919 simulacies
416 1872 482 1934 primi
500 1879 524 1919 et
542 1874 657 1920 nouissimi
672 1876 769 1937 agminia

91 1943 224 1989 ,herentem
242 1938 271 1984 ad
286 1938 443 1999 impedimenta
461 1944 539 1983 nostra
554 1939 675 1985 exercitum
691 1940 769 1987 harba-

92 2003 394 2058 1rorumcircumvenerunt3
412 2002 472 2062 quod
488 2002 559 2049 multa
573 2002 643 2049 millia
657 2004 706 2065 ipso
722 2004 767 2060 die,

93 2070 163 2135 plura
174 2068 245 2113 multo
259 2072 310 2127 post
326 2066 374 2113 dies
382 2082 464 2127 paucos
474 2066 601 2113 ceciderunt
611 2074 634 2114 et
644 2076 751 2129 oeperunt
756 2086 767 2125 ,ς

91 2136 151 2188 hoc,
168 2132 186 2179 si
203 2132 245 2193 ipsi
263 2130 378 2185 mouerint,
395 2146 437 2177 vos
455 2132 624 2185 scituros-cum
637 2134 701 2179 testis
717 2148 769 2180 om-

91 2198 166 2255 ,tionis
186 2208 245 2243 meoe
261 2202 322 2242 totus
342 2196 452 2246 exercitus
472 2195 507 2249 sit,
530 2210 575 2242 non
597 2196 709 2243 credunt?
742 2198 767 2245 si
860 2209 862 2212 ·

89 2263 205 2328 ‹gladium-
218 2260 242 2306 in
263 2258 320 2307 nait
340 2274 386 2306 non
405 2261 551 2313 strinxissem,
574 2260 593 2307 si
614 2261 701 2308 hostem
718 2276 767 2308 non

91 2328 211 2379 vidissem,
233 2332 310 2371 tamen
330 2326 450 2387 proconsul
471 2326 607 2387 triumphum
626 2327 650 2371 in
670 2325 768 2374 Thracia

91 2393 185 2449 duobus
205 2390 289 2451 pretiis
310 2403 440 2437 merneram.
477 2390 523 2437 Sed
538 2392 587 2452 jam
608 2390 691 2437 dictum
713 2392 768 2437 satis

88 2466 146 2508 est:
161 2455 218 2517 quin
237 2470 278 2516 pro
294 2468 328 2509 eo,
351 2454 410 2515 quod
424 2453 522 2517 plunhue
543 2454 617 2500 verbis
631 2469 680 2509 ros,
700 2469 768 2515 quam

88 2521 165 2575 solui,
176 2520 275 2581 fatigavi,
287 2520 375 2568 veniam
386 2533 399 2565 e
409 2518 473 2565 vobis
482 2518 575 2581 petitam
584 2519 771 2581 impetratamque

88 2588 173 2652 aelim,
183 2584 262 2631 Patres
267 2581 412 2646 conscripti.”
422 2612 424 2617 .

130 2650 160 2713 13·
186 2647 242 2697 Plus
251 2650 345 2711 crimina
354 2664 382 2697 eo
388 2648 432 2705 die,
444 2660 511 2711 quam
519 2646 626 2710 defensio,
638 2648 768 2703 adunent.

128 2728 182 2762 von.
195 2726 228 2761 iv.
425 2716 428 2721 ’
486 2717 531 2759 ‘tn
