1867 2925
179 126 212 173 7⁰
279 120 413 181 T.L1vr1
429 120 484 169 Ius.
497 119 612 169 xxxn.
630 118 691 170 cn.
708 124 745 171 19·

136 290 139 299 ,
179 251 293 301 Boeotiam
310 252 426 299 babebent.
449 251 569 311 *Phocidis
580 250 653 313 primo
665 250 749 312 impetu
761 248 854 297 Phano-

180 326 239 365 team
251 318 299 365 sine
314 318 436 364 certamine
451 318 518 379 cepit.
554 316 665 377 Anticyra
679 316 738 361 baud
755 316 852 361 multum

178 380 547 445 inoppuguendopraebuitmorae.
568 379 853 443 AmbrysusindeHyam-

178 448 279 510 polisque
294 455 396 510 receptae.
432 446 522 501 Daulis,
542 448 595 508 quia
613 446 636 493 in
656 445 742 491 tumulo
761 445 853 493 excelso

179 512 222 562 aita
232 520 274 566 est,
287 528 328 559 nec
340 513 412 567 scalis,
427 526 470 559 nec
480 513 584 574 operibus
597 511 645 572 capi
660 518 762 573 potepat:
780 510 853 556 leces-

180 577 252 624 aendo
263 578 382 624 missilibus
393 593 439 630 eos,
456 577 532 638 quiin
547 577 650 639 praesidio
667 585 738 626 erant,
754 590 806 621 curn
824 576 854 621 ad

179 642 325 691 excursiones
335 642 470 694 elicuissent,
483 641 614 704 refugiendo
624 641 721 687 invicem
731 641 854 699 insequen-

178 707 391 767 doqueetlevibus
402 708 449 753 sine
460 706 542 754 effectu
553 706 716 757 certaminibus,
735 720 762 751 eo
780 705 856 765 negli-

180 772 265 833 gentiae
275 779 299 819 et
309 772 437 819 contemtus
447 772 596 824 adduxerunt,
614 778 640 817 ut
656 786 707 817 cunr
723 769 856 831 refugienti-

181 837 223 883 bus
237 838 261 883 in
277 844 365 899 portem
381 838 487 899 permixti
503 837 612 899 impetum
628 835 727 882 Romani
743 834 851 881 facerent.

182 900 229 949 Sex
250 902 293 949 alia
310 902 417 964 ignobilis
437 902 528 948 castella
550 901 656 948 Phocidis
677 908 762 946 terrore
780 900 856 961 magis

181 981 249 1027 quern
261 966 328 1014 annia
340 968 364 1013 iu
379 973 513 1029 potestatem
530 974 647 1013 venerunt.
682 964 759 1011 Elatia
775 964 857 1011 clausit

180 1039 273 1094 portast
293 1047 341 1086 nec,
354 1033 397 1078 nisi
413 1032 436 1077 vi
453 1039 595 1094 cogerentur,
616 1030 725 1091 recepturi
743 1029 857 1076 moenibus

181 1096 313 1143 videbantur
323 1104 362 1142 eut
373 1096 452 1143 ducem
465 1104 504 1144 aut
514 1097 637 1143 exercitum
648 1094 786 1141 Romanum.

216 1159 289 1207 XIX.
309 1160 406 1209 Elatiam
418 1161 528 1208 obsidenti
543 1161 630 1207 consuli
647 1160 679 1206 rei
696 1159 786 1221 majoris
804 1174 858 1221 spes

181 1223 273 1280 effulsit,
286 1226 424 1273 Achaeorum
434 1233 526 1289 gentem
537 1227 565 1273 eb
579 1226 685 1272 societate
696 1222 757 1285 regit
767 1224 796 1270 ad
803 1223 858 1271 Ro-

182 1305 272 1337 manam
287 1292 406 1337 amicitiam
423 1291 546 1339 avertendi.
581 1288 719 1351 Cycliadum,
731 1288 856 1350 principem

181 1354 286 1403 iectionis
303 1356 331 1401 ud
348 1355 476 1417 Philippum
495 1356 630 1401 trahentium
650 1368 693 1407 res,
713 1354 854 1415 expulerant.

184 1420 320 1474 hristsenus,
333 1421 370 1481 qui
381 1420 493 1468 Romanis
503 1426 595 1481 gentem
601 1419 670 1482 jungi
680 1418 777 1472 volebat,
795 1434 857 1481 prae·

183 1492 220 1532 tor
231 1493 284 1533 erat.
321 1484 407 1533 Clessis
424 1485 536 1537 Romana,
554 1499 607 1530 cum
619 1483 699 1531 Attalo
714 1492 738 1530 et
749 1483 856 1538 Rhodiis,

183 1548 307 1598 Cenchreis
318 1551 389 1596 stabat
395 1566 403 1607 ;
420 1551 570 1611 parabantque
584 1550 698 1595 communi
710 1563 789 1596 omnes
799 1564 859 1596 con·

183 1613 233 1660 silio
245 1612 380 1661 Corinthum
398 1629 535 1676 oppugnare
571 1612 688 1674 Optimum
706 1614 775 1676 igitur
793 1621 857 1661 ratam

182 1685 224 1731 est,
241 1679 368 1740 priusquam
388 1693 437 1726 eam
455 1695 503 1726 rem
519 1679 701 1741 aggrederentur,
722 1679 812 1740 legetos
828 1680 857 1727 ad

181 1749 274 1804 gentem
286 1742 424 1790 Achaeorum
442 1745 508 1797 mitti,
525 1745 662 1805 pollicentes,
682 1745 743 1790 siah
757 1759 812 1807 rege
828 1744 858 1791 ad

181 1807 301 1856 Romanos
311 1807 451 1863 defecissent,
464 1808 599 1857 Corinthum
612 1809 640 1854 iis
653 1809 821 1855 contributuros
834 1809 859 1855 in

182 1873 297 1934 antiquum
309 1875 384 1935 gentis
395 1873 520 1920 concilium.
556 1875 658 1921 Auctore
670 1874 770 1926 consule,
786 1875 859 1936 legati

182 1937 279 1986 asretre
298 1940 346 2002 ejus
362 1938 390 1984 L.
403 1937 506 1992 Quintio,
524 1946 547 1986 et
559 1939 647 1992 Attalo,
667 1946 690 1985 et
707 1937 812 1993 Rhodiis,
834 1946 860 1986 et

182 2002 365 2057 Atheniensibus,
378 2005 406 2050 ud
417 2004 516 2050 Acbaeos
524 2004 593 2050 missi.
630 2004 728 2065 Sicyone
738 2005 816 2050 datum
831 2004 861 2050 iia

183 2073 219 2113 est
229 2069 355 2114 concilium.
391 2068 448 2115 Erat
466 2076 541 2115 autem
560 2083 605 2114 non
622 2069 742 2116 admodum
760 2069 861 2131 simplex

183 2132 271 2179 habitus
284 2133 408 2180 animorum
421 2134 480 2180 inter
490 2135 603 2181 Achaeos:
623 2135 720 2181 terrebat
729 2149 770 2180 eos
781 2132 860 2181 Lace-

184 2197 316 2252 daemoniua,
328 2199 404 2259 gravis
415 2205 438 2244 et
451 2199 553 2246 assiduus
570 2199 654 2244 bostis:
674 2199 794 2245 horrebant
805 2198 860 2246 Ro-

184 2277 251 2310 mana
265 2278 340 2310 arma:
365 2263 518 2310 Macedonum
536 2263 649 2315 beneficiis
664 2271 688 2309 et
703 2265 816 2310 veteribus
834 2273 861 2312 et

184 2328 310 2374 recentibus
329 2328 419 2390 obligati
436 2337 513 2376 erent:
538 2344 615 2390 regem
632 2329 705 2390 ipsum
725 2336 859 2390 suspectum

183 2393 293 2442 hebebant
309 2409 349 2455 pro
364 2394 411 2455 eJus
426 2394 557 2440 erudelitate
572 2392 724 2454 perfididque;
738 2408 812 2454 neque
828 2410 860 2441 ex

183 2455 217 2510 iis,
230 2473 281 2518 quse
291 2465 339 2504 turn
351 2457 379 2505 ed
390 2465 479 2520 tempus
490 2458 580 2512 faceret,
601 2459 746 2511 estimantes,
765 2461 863 2520 gravio·

183 2535 231 2566 rem
242 2529 294 2582 post
307 2523 389 2570 bellum
402 2523 518 2570 dominum
529 2522 629 2571 futurum
641 2524 768 2570 cernebant.
805 2523 860 2572 Ne·

181 2587 317 2644 querolum,
330 2588 383 2649 quid
397 2589 420 2633 in
435 2595 514 2635 senatu
530 2588 624 2649 quisque
634 2589 730 2635 civitatis
741 2603 798 2641 sure,
816 2598 861 2636 aut

180 2648 204 2704 in
215 2653 371 2700 communibus
379 2654 478 2702 conciliis
488 2654 564 2718 gentis
575 2670 616 2717 pro
627 2650 738 2701 senteutid
745 2653 859 2710 dicerent,
