1867 2925
159 118 191 165 eo
256 112 285 159 T.
300 108 389 159 L1v11
406 110 460 159 un
475 107 590 157 xxm
610 106 672 159 cu.
688 112 731 173 m·
824 152 830 165 r

162 259 208 307 que
223 244 272 305 ejus
286 247 396 304 petentes,
416 241 534 288 miserunt.
569 240 636 287 Dum
654 240 678 285 in
699 254 762 302 spem
778 239 846 302 pacis

163 308 245 358 intenti
260 307 358 370 segnius
380 322 474 353 munere
491 306 544 352 belli
565 306 656 359 obeunt,
679 311 703 351 et
724 304 751 351 ei
771 305 845 351 modo

164 381 235 438 parte,
247 370 291 435 qui
305 388 383 423 murus
398 372 485 418 dirutus
499 378 553 423 erat,
566 371 654 417 caeteris
665 370 782 431 neglectis,
796 377 848 416 sta-

165 440 240 487 tiones
261 444 358 485 armatns
381 444 514 498 opponunt;
541 434 656 489 Quintius,
678 442 748 481 noctu
769 436 797 481 nb
818 432 848 482 eir

166 511 237 567 psrte,
254 519 306 565 quae
319 503 411 549 minime
423 509 526 563 suspecta
536 508 590 554 ernt,
602 501 687 563 impetu
697 500 764 553 facto,
778 500 848 545 scalis

167 570 245 617 urbem
264 568 329 630 cepit.
371 566 540 628 oppidanorum
558 566 633 612 omnis
651 563 772 612 rriultitudo
791 580 848 611 cum

169 634 303 696 conjugibus
319 648 345 679 nc
364 632 438 679 liberis
457 632 481 677 in
496 646 571 677 arcem
588 630 706 693 confugit:
726 629 806 677 deinde
822 630 849 676 in

170 699 305 747 deditionem
318 698 388 743 venit.
424 695 532 743 Pecuniae
543 696 635 757 aurique
649 704 673 742 et
683 696 771 756 argenti
785 695 850 741 baud

173 779 227 811 sone
238 763 334 809 multum
344 761 401 807 suit:
421 762 493 823 signa,
506 761 587 807 tabule
603 761 684 821 priscae
698 762 760 814 artis,
779 775 851 806 orne-

172 836 293 889 mentnque
303 828 351 889 ejus
364 827 454 887 generis
473 826 543 887 plura,
564 840 632 886 quam
647 842 689 888 pro
704 826 765 873 urbis
782 840 852 888 mag-

173 892 274 941 nitudine
285 899 323 938 aut
335 892 412 953 opibus
423 891 518 944 caeteris,
533 892 632 937 invente.

208 956 293 1004 XVII.
315 955 425 1017 Carystus
441 956 493 1001 inde
508 957 619 1017 repetita;
636 955 702 1009 uude,
719 955 851 1016 priusquam

172 1022 287 1073 ensvibus
299 1022 370 1083 copiae
382 1028 555 1083 exponerentur,
569 1021 643 1067 omnis
654 1020 783 1073 multitudo,
796 1020 852 1067 urbe

174 1085 269 1141 deserti,
288 1087 312 1131 in
327 1101 400 1132 arcem
416 1085 525 1147 confugit
563 1083 619 1132 Inde
636 1085 664 1132 ad
679 1084 745 1131 fidem
760 1085 789 1131 ab
799 1084 853 1131 Ro-

175 1167 243 1200 mano
253 1150 372 1212 petendam
384 1158 484 1197 oratores
494 1150 594 1196 mittunt.
630 1150 753 1211 Oppidunis
763 1156 853 1195 extem-

176 1218 214 1281 plo
226 1216 273 1263 rita
288 1230 314 1261 ao
331 1215 420 1262 libertus
438 1230 545 1261 concessa
561 1222 611 1263 est:
631 1215 795 1261 Macedonibus
806 1222 852 1260 tre·

178 1283 228 1330 ceni
245 1281 331 1327 nummi
348 1280 370 1325 in
387 1281 459 1341 capita
478 1286 586 1327 statutum
609 1287 644 1326 est
661 1281 765 1341 pretium,
786 1286 810 1326 et
827 1287 852 1325 ut
896 1325 901 1333 ,

179 1347 246 1395 antus
257 1345 343 1392 traditis
354 1345 446 1391 obirent.
477 1344 530 1391 Hac
541 1342 629 1391 summai
637 1344 737 1397 redemti,
747 1345 771 1389 in
780 1342 852 1390 Boeo·

178 1413 233 1462 tiam
247 1412 344 1457 inermes
355 1408 447 1473 trajecti.
484 1408 584 1456 Navales
595 1410 672 1473 copiae,
685 1409 771 1455 duabus
787 1409 852 1456 claris

179 1479 269 1524 urbibus
281 1476 377 1523 Euboeae
385 1477 444 1522 intra
454 1475 502 1521 dies
512 1491 595 1538 paucos
606 1475 682 1537 captis,
696 1476 854 1521 circumvectae

181 1543 276 1590 Sunium
288 1539 373 1586 Attieae
384 1547 450 1587 terrae
462 1541 649 1602 promontorium,
664 1539 794 1588 Cenchreas
805 1538 854 1588 Co·

180 1606 313 1654 riothiornm
322 1605 446 1665 emporium
456 1605 576 1667 petierunt.
607 1603 695 1652 Consul
702 1604 794 1650 interim
805 1620 855 1650 om·

180 1672 242 1716 nium
261 1684 301 1730 spe
319 1669 445 1731 longiorem
465 1671 643 1730 atrocioremque
663 1670 855 1731 oppugnationem

181 1735 270 1782 babuit:
290 1731 361 1788 etei,
379 1732 423 1794 qui
439 1735 558 1781 minimum
572 1735 708 1788 credidisset,
723 1735 857 1781 resistebant

181 1801 272 1848 hostes:
294 1813 345 1846 nam
356 1814 447 1845 omnem
459 1800 556 1846 laborem
572 1801 595 1845 in
612 1815 676 1846 muro
689 1800 797 1846 diruendo
807 1815 857 1846 cre·

182 1865 267 1912 diderat
276 1862 340 1912 iore:
360 1864 378 1910 si
390 1864 475 1911 editum
486 1865 576 1911 armatis
587 1865 610 1910 in
621 1866 698 1912 urbem
706 1864 855 1926 patefecisset,

181 1929 260 1991 fugam
273 1929 325 1976 inde
338 1929 468 1990 oaedemque
479 1929 578 1976 hostium
590 1929 646 1983 fore,
658 1930 729 1990 qualis
739 1931 812 1991 captis
820 1946 859 1976 ur·

181 1995 246 2041 bibus
267 1993 315 2040 fieri
334 1994 398 2042 solet.
434 1993 551 2042 Caeterum
569 2003 695 2056 postquam,
717 2002 781 2057 purte
799 1995 860 2041 muri

183 2059 288 2107 arietibus
298 2057 399 2112 decussi,
417 2076 457 2121 per
468 2060 529 2120 ipsus
545 2060 619 2107 ruinas
638 2060 826 2107 transcenderunt
837 2061 861 2106 in

184 2125 262 2171 urbem
274 2124 359 2178 annoti,
375 2125 430 2170 illud
444 2125 577 2186 principium
594 2125 657 2171 velut
671 2126 725 2172 novi
741 2132 809 2186 atque
825 2125 862 2171 in-

185 2190 244 2252 tegri
255 2188 336 2236 laboris
350 2188 407 2235 fuit:
428 2205 480 2236 nam
494 2190 641 2244 Macedones,
660 2192 697 2250 qui
714 2191 738 2236 in
754 2191 862 2251 praesidio

185 2262 250 2302 erant
260 2261 283 2300 et
294 2254 359 2300 multi
370 2262 393 2300 et
404 2253 491 2308 delecti,
503 2255 599 2316 gloriam
607 2255 675 2302 etium
683 2256 799 2318 egregium
808 2256 861 2310 reti,

185 2321 205 2368 si
216 2319 283 2366 armis
294 2319 369 2380 potius
380 2327 402 2365 et
411 2320 501 2373 virtute,
514 2335 580 2380 quam
590 2321 708 2372 moenibus,
721 2322 799 2367 urbem
811 2329 865 2368 tue-

187 2392 272 2437 rentur,
285 2383 386 2437 conferti,
402 2384 502 2445 pluribus
512 2385 622 2432 introrsus
633 2385 746 2431 ordinibus
760 2386 810 2432 soie
823 2386 867 2433 fir-

187 2447 254 2503 mati,
268 2464 319 2494 cum
333 2448 490 2495 transcendere
507 2450 582 2496 rrrinns
597 2451 719 2496 sensissent
733 2450 864 2508 Romanos,

185 2527 225 2572 per
234 2511 365 2574 impeditum
377 2528 403 2559 nc
414 2513 527 2559 difficilem
538 2515 567 2560 ad
577 2522 691 2576 receptum
703 2514 778 2561 iocum
790 2531 866 2578 expu-

184 2575 266 2622 terunt
303 2576 332 2623 Id
343 2577 422 2624 consul
433 2593 496 2639 aegre
506 2594 591 2639 passus,
602 2594 644 2626 nec
652 2594 701 2626 eam
713 2580 866 2641 ignominium

184 2639 213 2684 ad
230 2640 296 2686 unius
315 2642 383 2688 modo
401 2643 559 2703 &pugnandae
577 2659 664 2690 morsm
683 2645 751 2697 urbis,
774 2646 815 2694 sed
834 2647 866 2693 ad
907 2669 913 2677 ·

185 2717 296 2757 summum
312 2707 410 2756 universi
421 2707 480 2762 belli,
491 2708 603 2772 pertinere
613 2717 682 2762 retus,
694 2710 755 2771 quod
765 2724 796 2768 ex
810 2725 865 2769 mo,
