1867 2925
150 130 166 175 4
254 102 397 179 inmun
413 125 579 177 mxxxi
598 127 697 179 cmo

149 271 226 320 proees
239 258 417 313 Atheniensium,
429 274 486 319 quos
500 274 555 321 agro
569 266 696 320 pervasuto
706 258 730 304 in
741 257 821 306 urben!

150 323 777 451 ttrtn‘nttssnttnntnnlne
793 396 819 435 a

147 447 244 499 Rhodiis
313 453 331 499 ti
349 461 465 507 venerunt,
487 453 622 506 nuntiantes,
643 453 707 499 Asiae
727 468 819 513 quoqne

149 517 249 563 civitates
260 528 285 563 so
302 518 378 578 'citopl
414 512 460 565 His
469 518 617 579 legationibus
627 526 758 579 responsum
772 523 817 572 est,

149 595 210 627 curae
228 582 336 628 Aoiansm
358 598 405 629 rem
427 582 513 630 senatui
533 582 588 629 iore·
624 579 767 629 Consultatio
788 583 818 629 ‹le

149 645 298 693 Macedonico
313 646 371 693 bello
388 648 476 709 integra
494 645 522 694 ad
538 646 648 700 consides,
665 648 703 707 qui
720 655 774 693 tunc
791 649 816 695 in

165 710 228 757 roelio
251 725 302 757 cnm
321 708 384 757 Boiis
403 718 473 765 erant,
495 713 578 774 rejecta
595 719 637 757 est.
672 710 766 758 Interim
787 712 818 773 ad

149 724 298 822 l’tolemaeum
319 775 417 839 AEgypti
438 791 514 837 regem
535 776 604 838 legati
624 783 671 822 tres
691 776 760 830 missi,
783 775 812 825 C.

151 838 258 887 Claudius
269 839 339 894 Nero,
352 840 388 887 M.
399 841 507 887 AEmilius
515 840 621 902 lepidus,
632 839 659 886 P.
671 841 816 902 Sempronius

147 902 279 957 Tuditanus,
303 914 329 951 ut
347 912 370 951 et
387 906 545 952 annuntiarent
561 906 646 952 victum
666 902 817 953 Hannibalern

149 966 284 1029 Poenoque,
303 978 326 1016 et
342 971 426 1031 gratias
444 976 537 1033 agerent
555 970 610 1032 regi,
630 969 689 1030 quod
707 970 739 1015 in*
751 971 817 1017 rebus

148 1034 227 1087 dubiis,
244 1050 295 1080 oum
309 1034 396 1083 finitimi
410 1036 478 1081 etiam
489 1034 543 1080 socii
553 1034 670 1081 Romanos
680 1033 814 1088 desererent,

148 1098 172 1147 in
186 1097 229 1145 fide
243 1100 374 1157 mansissem
391 1106 414 1145 et
431 1107 539 1161 peterent,
556 1106 588 1152 ut,
606 1099 625 1145 si
642 1099 713 1146 coacti
728 1099 817 1161 injuriis

147 1162 230 1209 bellum
249 1164 354 1211 mveraus
371 1162 499 1227 Philippum
517 1163 672 1225 suscepissent,
696 1163 814 1224 pristinum

146 1227 246 1283 animum
254 1244 308 1290 erga
316 1228 421 1291 populum
428 1228 558 1275 Romanum
566 1235 714 1276 conservaret·
725 1226 815 1275 Eodem

145 1292 195 1339 sere
205 1300 306 1353 tempore
317 1292 344 1339 P.
354 1293 429 1339 AElius
437 1294 516 1339 consul
524 1294 547 1338 in
556 1290 636 1345 Gellii,
649 1308 700 1339 cnm
708 1292 813 1347 audisset,

148 1356 235 1405 aBoiis
245 1365 298 1404 ante
308 1373 372 1405 snum
384 1358 504 1405 adventum
514 1357 651 1403 incursiones
661 1358 685 1402 in
695 1372 762 1418 agros
777 1373 815 1404 so-

147 1422 232 1470 ciorum
246 1421 323 1477 factas,
341 1423 424 1471 (luobus
440 1422 565 1486 legionibus
581 1422 690 1469 subitariis
704 1422 814 1472 tumultis

145 1489 195 1549 elus
209 1486 275 1534 oanni
289 1489 383 1550 seriptis,
400 1488 524 1548 additisque
537 1488 565 1534 ad
577 1502 616 1534 eas
628 1494 723 1547 quatuor
733 1488 814 1534 cohor·

145 1551 204 1598 tibus
219 1552 246 1598 de
259 1554 357 1600 exercitu
368 1569 416 1608 suo,
427 1552 463 1604 ,0.
529 1553 575 1598 ium
586 1550 716 1613 praefectnm
726 1551 813 1599 sociilm

144 1616 186 1662 hee
205 1615 348 1663 tumultuarii
363 1633 430 1664 muru
446 1634 486 1678 per
528 1617 620 1663 mbriam
636 1617 813 1679 (quantulum

145 1679 275 1742 Sappiniam,
289 1679 382 1740 vocant)
397 1697 477 1743 agrum
493 1682 602 1728 Boiorum
617 1681 809 1742 inraderejussita

144 1743 193 1806 ipse
202 1745 288 1798 eodem,
304 1753 380 1806 aperto
391 1746 477 1800 itinere,
493 1761 533 1807 per
542 1746 628 1792 medios
638 1753 727 1792 montes
737 1746 809 1793 duxit.

144 1807 238 1870 Oppius,
255 1809 369 1870 ingressus
380 1810 477 1857 hostium
492 1809 555 1862 fines.
572 1809 644 1871 primo
657 1810 813 1872 populationes

144 1873 198 1919 satis
208 1888 312 1935 prospere
327 1889 352 1920 ac
366 1882 416 1921 tuto
429 1874 496 1922 iecit:
516 1875 602 1921 delecto
617 1875 696 1921 deinde
709 1875 738 1921 sd
753 1874 812 1924 co·

144 1943 204 1984 trum
219 1937 327 1984 Mutilum
343 1939 395 1985 satis
409 1939 490 1985 idoneo
504 1939 563 1993 looo,
579 1939 608 1985 sd
621 1939 752 1986 densetends
762 1939 810 1986 frn-

143 2009 219 2049 menn
234 2003 292 2064 (jam
307 2004 365 2049 enim
382 2012 477 2052 matnrae
492 2010 556 2050 erant
571 2001 670 2064 segetes)
687 2003 809 2064 profectus,

142 2079 216 2127 neque
233 2067 348 2128 explorato
367 2068 431 2122 circa,
449 2083 491 2114 neo
509 2067 639 2128 ststionrltus
658 2068 712 2114 satis
729 2067 808 2123 firmis,

142 2143 194 2193 qnae
204 2138 295 2179 armatae
305 2132 401 2178 inermes
415 2139 482 2192 atque
494 2132 555 2193 operi
565 2132 664 2178 intentos
675 2138 807 2191 nutarentur.

137 2195 226 2256 positis,
243 2196 363 2256 improviso
381 2196 465 2257 impetu
483 2196 600 2243 Gallorum
617 2211 668 2242 eum
684 2195 808 2244 frumente-

140 2259 225 2319 toribus
236 2267 271 2306 eat
281 2260 451 2306 circumventus.
487 2258 544 2306 Inde
554 2276 623 2321 pavor
630 2259 729 2323 fugaque
739 2262 807 2309 etiam

139 2331 236 2370 armatos
246 2324 311 2388 oepit.
338 2324 376 2370 Ad
385 2332 470 2387 septem
480 2325 549 2371 millia
558 2325 672 2371 hominum
683 2325 757 2386 palata
766 2342 808 2388 per

139 2395 227 2449 segetes
242 2397 294 2436 sunt
308 2405 381 2448 caesa3
397 2390 455 2436 inter
470 2405 527 2452 qnos
541 2391 588 2451 ipse
603 2388 632 2438 C·
646 2389 732 2451 Oppius
747 2406 807 2452 prae·

135 2450 221 2500 tectus:
245 2455 319 2501 coeteri
338 2456 361 2500 in
380 2462 451 2502 costra
469 2463 532 2502 metu
550 2454 664 2516 compulsi,
686 2454 738 2502 inde
757 2455 807 2503 sine

136 2523 198 2562 certo
215 2517 271 2564 (luce
286 2534 396 2566 consensu
413 2519 501 2568 militari
517 2518 619 2580 proximi
635 2527 710 2573 nocte,
728 2518 825 2568 mliett·

135 2579 218 2640 magni
232 2589 294 2642 purte
309 2599 382 2632 rerum
398 2599 495 2638 suarum,
512 2585 540 2631 ad
550 2584 664 2632 oonsulem
678 2600 718 2647 per
732 2585 805 2632 saltus

134 2659 204 2708 prope
213 2645 286 2694 invios
295 2645 416 2711 pervenire
424 2666 430 2696 ι
449 2648 494 2711 qui,
512 2649 554 2697 nisi
569 2650 629 2712 quod
638 2650 756 2714 populatum
766 2656 804 2700 est
