1867 2925
226 134 357 190 Tsnlvn
373 137 426 188 nn
438 136 577 190 XXXVII.
597 136 656 191 cir.
673 138 716 188 15⁵
758 142 807 191 207,

134 266 237 331 presidii
252 265 318 315 esuri
331 283 356 315 se
365 270 466 323 missum,
479 269 516 323 sit,
528 269 588 331 quod
604 276 652 317 eain
664 270 804 317 drammatis

135 334 242 383 infestam
251 334 356 381 onerariis
370 334 439 395 regias
453 348 521 381 naves
538 334 704 382 excursionibus
722 335 804 383 crebris

136 399 167 445 ab
181 396 329 459 Hellesponto
350 406 417 458 atque
431 399 513 460 Abydo
529 398 634 447 iacerent.
673 398 803 462 Trajiclenti

137 462 233 509 AEmilio
250 478 264 509 a
280 460 340 509 Chio
360 464 452 509 Samum
471 464 521 510 duae
537 464 635 510 Rhodiae
653 464 802 524 quadriremes

137 528 213 575 misse
223 527 311 573 obviam
321 529 349 573 ab
359 526 433 580 Livio,
445 535 469 574 et
479 542 519 574 rex
530 528 645 575 Eumenes
655 542 710 584 cum
718 528 802 575 duabus

136 592 330 653 quinqueremibus
338 592 442 638 occurrit.
478 592 568 639 Samum
579 599 697 654 postquam
709 599 801 642 ventum

134 654 383 717 est-acceptiaLivio
397 656 474 709 classe,
492 665 515 704 et
532 658 638 703 sacrificio
655 658 691 720 (ut
708 654 801 715 assolet)

130 722 178 768 rite
187 720 256 772 facto,
268 720 375 765 AEmilius
386 721 502 767 consilium
513 722 636 768 advocavit.
672 720 707 769 Ibi
719 719 747 769 C.
760 720 800 771 Ιιί-ι

135 787 194 839 vius,
208 786 239 847 (is
249 785 308 830 enim
315 792 351 830 est
361 785 445 845 primus
455 794 549 849 rogatus
560 784 703 847 sententiam)
724 792 739 815 ‘⁴
751 784 800 831 Ne·

136 850 221 897 minem
231 848 316 895 fidelius
330 849 382 895 dare
392 864 458 911 posse
468 850 610 905 eonsilium,'’
626 850 689 903 dixit,
708 856 723 879 ‘⁸
734 864 801 910 quem

138 930 198 967 eum,
215 914 285 973 quiid
295 914 358 959 alteri
372 912 481 969 subderet,
499 915 559 976 quod
575 915 628 977 ipse,
645 915 664 960 si
680 916 703 959 in
723 914 801 961 eodem

136 980 188 1025 loco
206 985 272 1030 esset,
291 978 390 1024 facturus
405 977 478 1025 fuerit.
515 980 545 1026 Se
560 980 582 1025 in
598 980 672 1027 animo
691 978 801 1031 habuisse,

137 1042 187 1089 totis
196 1043 267 1089 classe
276 1041 392 1103 Ephesum
402 1051 484 1104 petere,
497 1051 520 1090 et
530 1046 641 1091 onerarias
651 1044 732 1091 ducere
741 1043 800 1092 mul·

136 1106 161 1154 td
171 1104 263 1153 saburri
271 1114 385 1169 gravatas
393 1114 460 1168 atque
470 1124 507 1154 eas
517 1109 540 1154 in
550 1108 650 1155 faucibus
660 1110 738 1171 porttls
749 1123 801 1169 sup·

134 1172 245 1235 pumere:
264 1178 286 1217 et
300 1187 328 1217 eo
342 1173 435 1218 minoris
450 1173 573 1220 molimenti
590 1188 615 1221 ea
631 1174 726 1221 claustra
744 1188 800 1226 esse,

136 1237 209 1298 quod.-
219 1235 243 1283 in
253 1234 352 1281 fluminis
361 1238 459 1290 modum,
472 1238 564 1299 longum
572 1245 595 1283 et
605 1246 725 1299 angustum
732 1243 755 1283 et
760 1252 801 1283 vn·

136 1303 218 1349 dosum
233 1301 315 1347 ostium
332 1302 410 1361 portris
426 1302 462 1347 sit.
502 1300 539 1349 Ita
555 1301 695 1347 ademturum
712 1315 736 1346 se
752 1314 800 1347 ma-

135 1368 166 1413 ris
182 1381 249 1413 usum
269 1366 369 1411 hostibus
388 1365 464 1419 fuisse,
483 1366 627 1427 inutilemque
646 1366 738 1411 olasssm
754 1363 801 1411 fan-

168 1495 228 1542 XV.
246 1494 311 1542 Nulli
328 1511 354 1542 ea
372 1496 458 1558 placere
474 1497 589 1544 sententia.
625 1495 740 1544 Eumenes
759 1510 799 1542 rex

135 1561 247 1624 quesivit,
265 1568 282 1589 ⁴‘
294 1561 356 1614 Qud
366 1562 472 1608 tandem?
489 1563 526 1609 ubi
536 1562 642 1609 demersis
653 1561 745 1609 nauibus
754 1559 799 1609 fre
891 1571 897 1578 “

134 1626 227 1674 ntssent
237 1625 333 1672 claustra
342 1626 416 1680 maris,
428 1633 503 1672 utrum
513 1625 581 1676 libert
589 1625 628 1673 sula
636 1628 706 1674 classe
713 1628 800 1674 absees-

135 1693 183 1738 suri
192 1691 245 1737 inde
251 1689 326 1739 forent
333 1690 361 1736 ad
368 1706 433 1752 opem
441 1691 554 1738 ferendam
564 1692 636 1744 sociis,
647 1700 805 1751 terroremque

135 1756 236 1802 hostibus
245 1754 406 1817 praebendum?
419 1770 448 1800 un
458 1756 601 1802 nihilominus
611 1755 659 1802 toti
670 1757 740 1802 classe
748 1770 799 1815 por-

134 1820 327 1868 mmrobsessuri?
361 1820 414 1866 Sive
432 1820 491 1865 enim
510 1821 634 1874 abscedant,
654 1820 689 1865 eui
709 1819 798 1864 dublum

133 1901 192 1939 esse,
204 1886 259 1946 quin
269 1886 345 1930 hostes
356 1885 475 1930 extracturi
492 1885 602 1931 demersas
618 1884 688 1929 moles
705 1885 757 1936 sint,
777 1890 800 1930 et

131 1951 220 1997 minore
230 1949 360 1996 molimento
370 1949 465 2009 aperturi
474 1956 570 2010 portum,
583 1963 648 2008 quam
657 1947 799 1996 obstruatur?

131 2016 175 2063 Sin
180 2022 255 2060 autem
263 2013 397 2059 manendum
406 2014 434 2059 ibi
443 2013 585 2059 nihilominus
594 2013 628 2068 sit,
636 2014 689 2073 quid
697 2014 797 2065 attinere,

129 2079 204 2126 claudi
214 2078 321 2140 portum?
354 2077 418 2131 Quin
429 2085 513 2131 contra,
529 2077 585 2131 illos,
602 2079 713 2124 tutissimo
723 2084 796 2138 portu,

131 2140 299 2207 opulentissimi
317 2143 371 2188 urbe
388 2141 493 2195 fruentes,
515 2143 590 2189 omnia
605 2141 662 2190 Asis
677 2143 796 2204 praebente,

130 2210 209 2270 quieta
231 2209 310 2254 aestiva
329 2214 433 2253 acturos:
458 2205 582 2260 Romanos,
602 2215 678 2268 aperto
697 2207 721 2251 in
742 2203 797 2251 mari

132 2274 237 2321 fluetibus
254 2273 464 2332 tempestatibusque
480 2272 584 2333 objectos,
603 2272 702 2317 omnium
712 2270 796 2328 inopes,

131 2341 157 2387 in
168 2334 257 2385 assidui
267 2337 361 2382 statione
371 2335 471 2382 futuros:
490 2337 550 2397 ipsos
560 2335 632 2394 magis
642 2335 745 2393 alligatos
754 2331 797 2376 im-

132 2405 271 2466 peditosque,
283 2415 312 2447 ne
327 2400 378 2460 quid
392 2401 477 2454 eorum,
490 2415 541 2460 quae
551 2398 637 2459 agenda
648 2397 699 2449 sint,
711 2395 798 2456 possint

131 2483 206 2530 agere,
219 2481 287 2527 qusm
298 2472 323 2510 ut
333 2466 410 2510 hostes
420 2464 508 2510 clausos
518 2459 638 2509 habesnt.”
671 2458 794 2512 Eudamus,

130 2531 252 2594 praefeotus
267 2529 364 2576 Rhodiae
380 2528 463 2579 classis,
481 2527 553 2587 magis
569 2538 618 2570 eam
632 2523 672 2568 sibi
683 2523 798 2584 displicere

130 2596 266 2644 sententium
277 2592 380 2644 ostendit,
392 2605 464 2652 quam,
477 2591 524 2650 ipse
535 2587 587 2648 quid
600 2594 701 2633 censeret
714 2585 797 2634 facien,-

132 2655 195 2716 dutit,
205 2658 273 2708 dixit.
304 2655 422 2718 Epicrates
436 2653 545 2706 Rhodius,
565 2649 682 2698 “Omissi
698 2652 721 2698 in
738 2661 796 2710 prar-
838 2627 927 2872 ff
