1867 2925
183 149 213 196 T.
228 115 316 196 mvii
332 147 386 196 ma
399 147 552 196 xxxvm,
572 147 634 197 css.
648 151 689 195 14.
723 153 776 198 sos

100 284 158 342 rago
171 279 298 326 Macedone
312 280 386 326 venit:
405 279 467 326 mille
480 279 566 340 perh'tes
580 280 700 326 mixtarum
715 291 776 342 gen-

101 345 168 398 tium,
182 351 322 390 ettrecentos
330 345 423 404 equites,
437 359 513 392 secum
526 345 673 390 adduxerunt.
709 344 776 393 cun-

101 409 147 462 sul,
160 410 248 456 tribuno
257 409 351 455 militum
363 410 432 456 misso
444 425 495 454 curn
506 408 594 455 monier
603 424 679 462 manu,
693 411 776 456 cutel-

100 475 152 520 lurn
162 475 186 520 vi
192 481 283 535 captum
295 473 488 520 Alabandensibus
498 474 582 520 reddit:
602 475 656 534 ipse,
670 475 726 520 nihil
735 474 775 521 vid

101 539 223 600 digressus,
240 538 269 586 ad
283 537 427 584 Antiochiam
443 546 509 599 super
523 537 668 584 Maeandrum
682 553 773 586 amnem

50 651 55 665 Ι
99 603 177 665 posuit
187 610 265 650 matra.
298 601 375 665 Hujus
385 603 457 650 nornis
467 602 542 650 fontes
553 601 652 650 Celaenis
662 603 773 649 oriuntur.

102 667 203 716 Celaenae
218 669 271 714 urbs
287 675 353 728 caput
367 668 479 728 quondam
494 667 604 733 Phrygiae
613 667 670 713 suit:
689 668 774 730 migre-

100 740 150 778 tum
169 732 222 778 inde
241 731 300 778 haud
315 733 392 792 procul
409 733 522 778 veteribus
538 731 644 786 Celaenia,
664 747 777 793 noveque

99 797 151 844 urbi
162 797 272 858 Apameae
283 811 364 843 nomen
375 797 470 842 inditum
481 798 509 842 ab
519 795 628 857 Apamea,
644 813 721 843 sorore
732 798 778 844 Se-

100 861 160 908 leuci
172 862 239 922 regis,
275 861 308 907 Et
319 861 424 922 Marsyas
435 861 514 914 amnia,
530 862 590 909 haud
599 863 677 924 procul
687 878 701 909 a
711 863 776 909 Mae·

101 927 165 972 andri
176 925 274 977 sontibus
287 926 367 979 oriens,
379 926 403 972 in
413 926 558 972 Maeandnnn
569 927 634 973 cadit.
659 926 775 987 Famaque

100 991 134 1038 its
148 997 216 1044 tenet,
235 989 333 1038 Celaenis
349 991 466 1051 Marsyam
483 1007 534 1038 cum
551 992 656 1052 Apolline
671 992 774 1038 tibiarum

101 1061 170 1102 cantu
180 1053 285 1102 cenasse
319 1055 445 1109 Maeander,
462 1070 492 1102 ex
506 1071 557 1102 arce
570 1054 658 1103 summit
669 1055 775 1104 Celena-

101 1135 156 1168 rum,
164 1127 234 1173 ortus,
247 1117 319 1166 medii
329 1121 383 1166 urbe
393 1121 520 1173 decurrens,
536 1137 576 1182 per
588 1119 658 1168 Caras
667 1123 774 1183 primurn,

101 1185 182 1230 deinde
194 1183 269 1237 lonas,
280 1185 304 1230 in
312 1184 388 1231 sinum
397 1187 464 1232 maria
472 1187 552 1239 editur,
564 1187 602 1246 qui
609 1187 668 1232 inter
676 1186 775 1234 Prienen
801 1192 803 1197 “

101 1255 126 1294 et
141 1248 249 1296 Miletum
262 1257 305 1296 cst.
341 1249 380 1296 Ad
394 1251 538 1298 Antiochiam
552 1250 576 1296 in
591 1258 663 1297 castra
675 1253 775 1297 consulis

102 1313 218 1367 Seleucus,
238 1313 344 1360 Antiochi
361 1313 426 1368 filius,
448 1330 477 1361 ex
493 1315 577 1362 foedere
592 1315 638 1361 icto
654 1330 707 1360 cum
724 1317 775 1362 Sci·

101 1380 176 1439 piene,
188 1377 217 1425 ad
226 1379 363 1425 frumentum
374 1380 481 1426 exercitui
492 1380 589 1426 dandum
600 1380 669 1425 venit.
699 1378 778 1427 Parva

101 1442 233 1505 disceptatio
245 1444 272 1491 de
283 1443 355 1497 Attali
365 1445 507 1493 auxiliaribus
517 1453 566 1491 orta
576 1452 626 1502 θεὶς
643 1445 709 1505 quod,
723 1444 776 1492 Ro·

100 1524 171 1557 mano
185 1516 272 1557 tantum
287 1510 358 1561 militi,
376 1518 464 1571 pactum
482 1511 626 1563 Antiochum,
644 1518 670 1557 nt
685 1510 775 1556 daretrsr

99 1574 246 1627 frumentum,
266 1574 373 1621 Seleucus
389 1575 481 1623 dicebat.
517 1574 628 1621 Discussa
642 1591 669 1621 ea
684 1590 775 1637 quoque

99 1646 136 1685 est
147 1636 273 1687 constantii
283 1639 388 1692 consulis,
400 1640 439 1699 qui
449 1640 541 1687 dimisso
551 1640 640 1687 tribuno
650 1641 727 1694 edixit,
743 1656 775 1687 ne

100 1704 202 1751 Romani
216 1704 298 1751 milites
312 1704 444 1765 acciperent,
460 1706 589 1766 priusquam
604 1706 677 1751 Attali
692 1706 777 1754 auxilia

99 1769 245 1829 accepissent.
281 1766 338 1815 inde
353 1770 381 1815 ad
392 1769 577 1817 Gordiu-Tichos
592 1771 665 1832 (quod
678 1767 773 1828 vocant)

99 1848 231 1896 processum
247 1840 290 1879 est.
325 1833 364 1879 Ex
378 1850 406 1879 eo
421 1834 472 1879 ioco
486 1834 514 1880 ad
524 1834 599 1881 Tabas
614 1835 686 1880 tertiis
697 1834 776 1881 eastris

97 1905 247 1961 perventum:
267 1896 381 1945 infinibus
397 1897 522 1945 Pisidarum
537 1900 610 1959 posita
624 1909 659 1945 est
674 1899 734 1951 urta,
749 1898 775 1946 in

99 1962 128 2010 esi
138 1969 208 2023 parte,
220 1978 271 2023 quae
284 1963 356 2024 vergit
367 1962 394 2008 ad
406 1961 563 2023 Pamphylium
574 1978 644 2009 mare.
672 1961 775 2025 Integris

97 2028 186 2075 viribus
202 2028 300 2089 regionis
319 2030 374 2089 ejus,
394 2026 481 2073 feroces
497 2028 525 2073 ad
540 2028 666 2074 bellandum
682 2028 776 2077 habebat

99 2093 170 2139 uiros.
198 2090 266 2147 ‚Tum
282 2107 371 2152 quoque
387 2093 479 2151 equites,
499 2093 523 2137 in
542 2108 624 2153 agmen
642 2092 773 2141 Romanum

96 2156 219 2218 eruptione
228 2154 294 2210 facti,
307 2157 365 2205 haud
373 2156 459 2203 modice
466 2157 539 2217 primo
547 2158 631 2219 impetu
642 2154 771 2205 turbavere:

97 2220 189 2274 deinde,
207 2228 232 2267 ut
243 2222 349 2282 apparuit,
367 2237 408 2268 nec
423 2236 517 2269 numero
528 2238 553 2268 se
564 2237 605 2268 nec
616 2222 700 2269 virtute
709 2237 775 2283 pares

96 2302 159 2338 essa,
179 2285 203 2333 in
223 2287 299 2333 urbem
316 2286 434 2347 compulsi,
455 2288 542 2334 veniam
562 2288 644 2333 erroris
661 2288 774 2348 petebant,

94 2352 183 2399 dedere
193 2352 269 2397 urbem
281 2352 357 2412 parati.
394 2350 500 2411 Quinque
515 2352 773 2413 adglutinentur,

96 2416 173 2477 genti,
192 2423 217 2461 et
235 2416 311 2465 decem
328 2416 396 2463 millia
413 2416 550 2463 medimmim
567 2416 634 2462 tritici
649 2418 773 2477 imperatae

95 2482 135 2531 ita
144 2480 169 2527 in
179 2479 312 2527 deditionem
324 2480 416 2541 accepti.

135 2541 207 2589 XIV.
226 2543 304 2591 Tertio
318 2543 370 2591 inde
385 2545 420 2591 die
435 2544 463 2591 ad
475 2543 563 2593 chrum
577 2559 665 2594 amnem
676 2560 773 2605 perven-

100 2618 167 2657 tum:
185 2607 237 2655 inde
250 2608 344 2669 profecti
359 2608 454 2659 Erizam
469 2612 546 2656 urbem
556 2610 629 2671 primo
639 2609 725 2670 impetu
735 2626 773 2656 ce·

93 2678 187 2737 pertint.
204 2714 208 2724 ,
218 2672 262 2723 Ad
271 2673 401 2739 Thabusion
412 2674 535 2730 cantellum,
552 2673 672 2727 immittens
683 2673 772 2729 flumini
