1867 2925
188 133 529 186 mulvnanxxxtv.
550 132 672 185 Car.14.'
714 136 763 181 1⁵³
835 130 841 141 '

90 264 116 311 ia
125 265 226 312 lrortium
240 280 308 327 agros
317 265 431 312 ducebat.
465 264 542 311 Nocte
551 263 623 313 ferme
634 261 762 325 proficisca-

91 330 179 383 hantur,
194 336 221 376 ut
234 336 257 376 et
270 345 338 391 quam
351 330 483 391 longissime
493 346 506 376 a
516 330 594 377 eastris
607 328 759 390 procederent,

92 400 115 439 et
127 394 254 455 inopinatos
261 395 417 457 opprimerent
447 394 481 441 Et
488 395 603 441 exercebat
612 408 638 439 eu
646 407 681 439 res
689 406 762 439 novos

93 458 183 512 milites,
196 466 221 505 et
230 459 329 505 hostium
340 474 424 521 magna
433 459 468 505 vis
481 460 629 521 excipiebatur
638 475 644 504 ι
664 472 705 505 nec
712 457 768 519 jum

91 524 170 583 egredi
179 530 246 569 extre
255 524 395 570 munimenta
410 524 550 571 castallomm
564 523 679 569 audebant.
715 518 762 566 Uld

92 587 146 634 satia
156 587 279 634 admodum
289 595 313 634 et
323 604 415 634 suorum
431 595 455 635 et
468 589 566 635 hostium
580 588 666 633 animos
677 592 712 633 est
722 599 775 648 err·-¹

91 660 175 713 pertus,
192 653 313 699 convocari
326 654 434 707 tribunos,
451 652 620 715 praefectosque,
639 659 662 699 et
676 650 762 711 equites

92 730 179 769 onnes,
197 724 224 763 et
239 718 382 765 centuriones
395 718 471 778 jussit.
508 724 523 747 ‘⁸
536 714 662 779 Tempus,”
681 714 760 776 inquit,

92 787 109 810 ⁴⁴
118 780 182 841 quod
193 795 255 842 saepe
265 780 364 843 optuistis,
377 783 446 837 yenit,
457 797 503 843 quo
513 782 577 833 vabiu
591 788 689 843 potestas
699 779 762 827 fieret

91 845 455 893 virtutemvestramostendendi.
486 845 568 893 Adhuc
575 845 704 907 praedonum
713 858 762 891 ma-

92 910 129 970 gia
148 926 217 970 quam
238 910 367 957 bellantium
389 910 499 958 militistis
520 926 598 957 more:
625 924 685 955 nunc
699 906 762 971 justi

92 973 171 1035 pugni
181 976 259 1021 hostes
270 991 321 1021 cnm
330 976 430 1023 hostibus
440 976 561 1023 conseretis
572 988 671 1021 manum.
706 972 762 1018 Non

93 1053 162 1099 agros
175 1039 230 1085 inde
239 1040 346 1101 populari,
360 1041 400 1087 sed
410 1041 497 1087 urbium
510 1054 563 1101 opes
574 1039 697 1091 exhaurire,
708 1037 763 1084 lice·

93 1104 130 1148 bit.
169 1102 250 1149 Patres
259 1105 336 1158 nostri,
348 1119 401 1151 cum
412 1104 523 1165 Hispania
534 1103 759 1166 Carthaginiensium,

92 1175 116 1213 et
131 1168 280 1229 imperatores
298 1169 327 1215 riti
342 1176 367 1215 et
386 1170 497 1215 exereitus
515 1176 596 1222 essent,
616 1168 659 1231 ipsi
676 1168 770 1215 nullum·

91 1232 259 1293 imperatorem,
277 1233 350 1280 nullos
367 1234 390 1280 in
408 1232 434 1279 ed
451 1235 532 1281 milites
542 1234 670 1288 ,haberent5
687 1240 762 1278 tamen

92 1296 175 1344 addere
184 1298 229 1343 hoc
236 1298 260 1346 iu
270 1297 355 1345 sedem
362 1297 488 1352 voluerunt,
502 1298 537 1344 Ut
547 1297 632 1359 imperii
641 1297 676 1343 sui
685 1295 772 1343 Iberus·

92 1359 177 1408 fluvias
190 1369 252 1409 esset
267 1362 325 1410 finis.
360 1362 436 1417 Nunc,
455 1378 507 1409 cum
523 1362 568 1409 duo
583 1367 698 1423 praetores,
711 1374 762 1405 cum

92 1426 180 1480 consuti,
197 1442 250 1474 cum
267 1434 316 1481 tres,
327 1429 438 1475 exercituo
450 1428 549 1476 Romani
561 1424 694 1488 Hispaniam
705 1423 764 1472 obti-

92 1499 168 1545 mt,
181 1490 401 1554 Carthaginiensium
406 1495 453 1555 jam
461 1509 530 1555 prope
538 1493 615 1540 decem
624 1491 687 1539 annis
696 1504 762 1536 nemo

15 1554 16 1575 ¹
91 1571 114 1601 ιιι
133 1557 170 1602 lus
189 1557 310 1618 provinciis
327 1559 363 1611 sit,
383 1559 500 1620 imperinm
520 1557 582 1604 nobis
602 1556 657 1602 citra
672 1553 763 1602 Iberum

91 1620 200 1668 missum
212 1629 253 1668 est.
288 1621 342 1669 Hoc
352 1623 419 1669 ermis
429 1629 453 1669 et
460 1623 543 1668 virtute
551 1621 774 1684 recuperetisoporffi
786 1643 788 1648 ι

15 1724 16 1735 2
92 1692 139 1732 tet:
158 1694 184 1733 et
200 1686 321 1740 nationem,
341 1687 483 1734 rebellantem
502 1687 574 1748 magis
593 1693 677 1732 temere
695 1699 762 1751 quam
860 1703 863 1708 ·

15 1754 16 1771 ¹
93 1757 224 1797 constanter
233 1749 359 1804 bellantem,
367 1753 457 1814 jugum,
470 1767 514 1812 quo
533 1767 557 1798 se
574 1751 643 1804 exuit,
663 1751 773 1816 accipere=

15 1822 16 1829 ’
92 1830 171 1861 mrsus
182 1815 295 1877 cogatis.”
329 1815 358 1862 In
368 1817 429 1862 hunc
441 1815 533 1864 modum
547 1816 644 1878 maxime
659 1814 769 1863 adhorta,

14 1892 18 1915 t
92 1887 130 1930 tus
139 1881 277 1942 pmnuntiat,
290 1896 314 1928 se
325 1888 392 1927 nocte
402 1881 431 1927 ad
441 1888 514 1930 matra
525 1880 623 1930 hostium
634 1879 759 1926 ducturum.

15 1988 16 1997 ,
93 1943 129 1992 Ita
139 1945 170 1990 ad
179 1959 274 2006 corpora
283 1945 380 1991 curanda
390 1945 481 1992 dimissi.

15 2028 16 2059 3
125 2008 199 2056 XIV.
219 2007 295 2056 Nocte
302 2008 381 2063 medii,
392 2025 443 2055 cum
452 2010 550 2071 suspicio
559 2023 649 2071 operam
658 2007 761 2060 dedisset,

15 2084 16 2088 ’
94 2073 215 2136 profectus,
228 2081 254 2120 ut
267 2074 350 2128 locum,
366 2089 433 2135 quem
450 2074 524 2127 vellet,
536 2075 670 2134 priusquam
687 2074 763 2120 hostes

95 2140 210 2191 lfflfirffli»
222 2146 318 2200 caperet,
330 2146 412 2200 praeter
419 2145 492 2185 castra
502 2139 599 2185 hostium
610 2135 762 2188 circumducit,

94 2205 116 2249 ist
125 2201 199 2264 primi
208 2203 266 2256 luce,
282 2204 330 2250 acia
345 2201 461 2256 instructi,
481 2203 521 2249 sub
537 2203 608 2264 ipsum
623 2202 706 2250 vallum
717 2207 764 2245 tres

94 2269 198 2316 cohortes
208 2268 282 2317 mittit.
312 2268 425 2314 Mirantes
435 2268 520 2314 barbari
530 2269 557 2314 ab
565 2275 629 2328 tergo
638 2263 766 2326 apparuisse

95 2330 233 2386 Romam,
245 2332 368 2380 ffiwurrere
378 2333 419 2394 ipsi
430 2333 458 2378 ad
474 2347 542 2379 arms.
578 2330 672 2378 Interim
686 2326 765 2399 consul

94 2396 152 2458 ψῑᾶ
163 2411 224 2448 ⁸³0⁸»
242 2404 259 2426 “
269 2397 395 2457 Numnam,
412 2397 455 2442 nisi
464 2398 488 2442 in
499 2397 588 2449 viante,
601 2409 651 2456 spes
662 2398 703 2444 est,
720 2403 764 2434 mr-

15 2510 16 2529 *
94 2459 170 2514 lites,'’
185 2461 272 2520 ioquin
290 2469 306 2490 ‘⁴
317 2470 340 2507 et
347 2477 392 2523 ego
400 2461 485 2514 sedulo,
498 2476 527 2509 ne
537 2467 603 2512 esset,
614 2457 664 2504 leci.
700 2451 773 2502 Inter,

96 2533 168 2574 raum
177 2532 256 2572 nostra
266 2533 289 2572 et
306 2541 348 2572 nos
363 2527 430 2572 medii
445 2527 535 2580 hostes;
552 2525 580 2570 ab
590 2530 655 2582 tergo
665 2519 775 2565 hostium.

94 2605 146 2652 ager
157 2598 201 2641 est·
238 2589 308 2650 Quod
317 2591 498 2652 pulcherrimum,
508 2589 567 2638 idem
577 2585 712 2633 tutissimum
721 2589 763 2634 eat,

94 2654 208 2708 usirtute
219 2670 281 2720 rpem
295 2655 392 2718 positam
402 2651 509 2704 Ιιιιδετο,η
544 2651 590 2698 Sub
600 2650 649 2698 hac
660 2647 776 2698 cohortes.
