1867 2925
207 132 338 200 nunu
353 133 407 182 na
420 133 530 182 xxxv.
550 133 611 185 cn.
624 137 665 184 ss
719 107 791 184 no'

97 281 141 326 que
156 277 217 312 anno
236 279 319 326 magna
333 265 423 312 ambitio
439 263 490 317 fuit,
507 265 567 325 quod
582 266 668 327 patricii
684 273 729 313 tres
744 267 767 316 in

98 345 168 379 unum
183 329 259 376 locum
274 330 391 390 petierunt,
409 328 437 376 P.
450 327 568 378 Cornelius
583 329 627 383 Cn.
641 329 669 378 F.
684 330 766 393 Scipio,

95 396 133 457 qui
149 394 225 456 priore
243 408 302 440 suno
321 393 431 456 repulsam
450 395 537 447 tulerat,
562 403 585 440 et
605 394 635 441 L.
649 394 769 444 Cornelius

96 459 178 520 Scipio,
197 466 220 504 et
236 457 280 506 Cn.
295 459 396 505 Manlius
411 456 492 505 Vulso.
527 457 554 506 P.
569 459 674 521 Scipioni,
692 468 718 506 ut
733 461 767 506 di-

93 525 164 577 latum
184 524 234 570 viro
253 522 298 577 toli,
316 538 364 570 non
382 532 495 586 negatum,
517 523 626 570 honorem
644 535 766 586 appareret,

95 587 225 650 consulatus
245 588 309 634 datus
327 595 376 634 est:
401 587 488 634 additur
505 589 526 634 ei
545 588 573 634 de
589 587 653 652 plebe
672 589 766 656 collega,

95 645 190 707 Manius
201 652 290 698 Acilius
302 651 401 699 Glabrio.
427 651 521 699 Postero
530 653 565 699 dic
572 661 680 714 praetores
690 655 767 708 creati,

94 714 124 767 L
137 717 248 764 AEmilius
265 715 357 770 Paulus,
375 715 412 762 M.
425 715 532 764 AEmilius
546 717 652 780 lapidus,
670 717 706 765 Μ.
723 716 767 767 Ju-
813 744 817 762 ι

94 782 144 830 nius
155 781 301 835 Brutus,=A.
317 779 434 829 Comdius
445 781 578 836 Mammula,
596 779 624 831 C·
638 779 725 836 Livius,
744 791 769 830 et

95 845 123 892 L
138 847 244 910 Oppius;
261 847 348 907 utrique
360 862 436 894 eorum
452 845 562 894 Salinator
572 862 698 909 cognomen
708 856 765 894 erat.

96 911 183 974 Oppius
191 913 211 957 is
220 919 276 965 erat,
287 913 325 972 qui
334 911 425 958 classem
433 911 526 974 triginta
533 913 623 958 navium
633 913 657 958 in
669 913 766 960 Siciliam

96 975 197 1023 buerat.
234 973 335 1028 Interim,
354 975 406 1022 dum
418 977 470 1022 novi
481 975 624 1037 magistratus
635 977 767 1024 sortirentur

96 1042 230 1102 provincias,
249 1040 285 1086 Μ.
296 1039 387 1088 Baebius
398 1055 411 1086 a
421 1038 541 1088 Brundisio
552 1057 603 1088 cum
615 1040 717 1088 omnibus
727 1056 767 1087 co-

96 1106 137 1166 piis
144 1105 243 1151 transire
250 1104 274 1149 in
282 1100 377 1166 Epirum
388 1112 421 1150 est
427 1105 511 1166 jussus,
523 1113 546 1152 et
557 1105 615 1152 circa
623 1105 766 1168 Apolloniam

97 1170 171 1232 copias
182 1169 312 1226 continere3
328 1176 352 1214 et
362 1168 398 1216 M.
410 1167 491 1216 Fulvio
501 1172 592 1231 praetori
600 1172 684 1218 urbano
694 1186 766 1232 nego-

97 1234 152 1354 {lm
163 1234 243 1280 datum
254 1240 295 1288 est.
312 1241 337 1280 ut
348 1233 516 1294 quinqueremes
526 1250 598 1282 novas
608 1236 768 1296 quinquaginta

128 1307 188 1346 eret.

130 1361 215 1410 XXV.
239 1359 273 1408 Et
290 1362 384 1424 populus
401 1363 490 1423 quidem
509 1361 627 1410 Romnum
644 1363 677 1408 ita
695 1378 720 1408 se
738 1361 768 1408 ad

98 1443 175 1491 omnes
184 1434 280 1475 conatus
288 1426 394 1480 Antiochi
405 1427 548 1489 praeparabat.
583 1425 655 1475 Nabis
661 1427 710 1491 jam
720 1439 768 1475 non

10 1506 12 1543 ὲ
96 1492 210 1541 ditierebat
224 1494 314 1546 bellum,
332 1493 371 1539 sed
386 1491 473 1539 summa
486 1494 509 1538 ui
526 1492 637 1553 Gythium
651 1507 769 1554 oppugna·

96 1558 146 1616 bot3
170 1565 203 1611 et,
226 1556 327 1603 intensus
349 1557 447 1611 Achaeis,
472 1557 656 1618 quod'miseraut
673 1556 768 1603 obsessis

10 1662 11 1669 ,
96 1623 232 1686 praesidium,
245 1637 312 1683 agros
323 1637 399 1669 eorum
410 1623 518 1669 vastabat.
546 1622 634 1676 Acbaei,
646 1636 692 1668 non
702 1630 769 1668 antea

10 1692 11 1701 ¹
96 1689 142 1739 ausi
160 1702 278 1751 capessere
293 1687 382 1741 bellum,
400 1703 465 1747 quam
484 1688 512 1732 ab
530 1685 606 1735 Romi
624 1687 768 1735 revertissent

95 1748 170 1815 legati,
189 1759 222 1805 ut,
235 1752 288 1813 quid
299 1751 384 1797 senatui
394 1752 497 1813 placeret,
510 1752 597 1805 scirent,
610 1762 661 1813 post
672 1751 767 1797 reditum

95 1817 222 1880 legatorum
242 1824 264 1863 et
281 1816 400 1877 Sicyonem
420 1816 538 1862 concilium
554 1816 678 1870 edixerunt,
695 1822 718 1863 et
734 1814 768 1859 le·
843 1827 849 1832 ·

95 1890 160 1947 gatos
171 1882 201 1929 ad
211 1878 241 1929 T·
256 1880 375 1935 Quintium
387 1880 501 1934 miseruut,
518 1881 557 1941 qui
572 1880 689 1927 consilium
701 1880 729 1925 ab
739 1879 768 1924 eo'
836 1889 839 1894 “

10 1980 11 2005 p
95 1954 205 2009 peterent.
241 1944 270 1993 In
288 1944 382 1991 concilio
399 1945 499 1991 omnium
512 1944 541 1991 ad
556 1943 639 1991 bellum
654 1942 767 2007 extemplo

97 2011 258 2074 capessendum
279 2010 390 2056 inclinatae
409 2010 525 2057 sententiae
547 2017 623 2055 erant:
646 2009 717 2057 literae
735 2006 769 2054 Τ.

14 2117 17 2140 ,
98 2074 186 2131 Qnintii
204 2076 368 2122 cunctationem
384 2075 514 2137 injecerunt¹
532 2075 610 2135 qubus
626 2082 704 2121 auctor
719 2079 768 2119 erat

96 2149 217 2203 praetorem
233 2140 370 2199 classemque
379 2138 507 2185 Romanam
522 2138 670 2202 exspectandi.
706 2134 769 2185 Cum

96 2204 222 2269 principum
234 2204 270 2251 alii
281 2206 304 2249 in
316 2200 424 2249 sententiis
431 2211 603 2263 permanerent;
614 2202 650 2249 alii
662 2202 770 2250 utendum

95 2271 151 2333 qius,
161 2284 229 2331 quem
239 2269 280 2330 ipsi
289 2268 458 2321 consuluissent,
468 2267 560 2313 consilio
568 2274 700 2322 censerent;
710 2262 771 2309 mul-

97 2334 169 2381 titudo
182 2332 359 2395 Philopoemenis
370 2330 501 2377 sententiam
509 2332 656 2393 exspectabat.
680 2326 773 2375 Praetoo

98 2398 117 2458 is
135 2407 185 2447 tum
205 2406 259 2451 erat,
277 2404 301 2443 et
320 2411 397 2442 omnes
415 2412 441 2443 eo
459 2404 559 2457 tempore
576 2404 599 2441 et
614 2390 732 2457 prudentii
747 2396 774 2439 et

10 2518 12 2523 χ
98 2463 233 2517 auctoritate
246 2461 350 2509 anteibat.
385 2458 410 2507 Is
424 2459 539 2525 praefatus,
557 2467 573 2489 ⁴¹
582 2460 646 2508 Bene
656 2470 772 2517 compera-

99 2536 148 2578 tum
165 2527 225 2589 apud
242 2522 356 2589 [AEtolos]
375 2540 430 2579 esse,
448 2540 478 2571 ne
493 2532 583 2587 praetor,
601 2538 652 2569 cum
669 2520 697 2567 de
712 2519 771 2584 bello
796 2537 802 2555 1
829 2561 835 2565 .

99 2590 256 2646 consuluisset,
268 2591 316 2653 ipse
324 2590 455 2639 sententiam
464 2586 579 2646 diceret;”
591 2594 688 2633 statuere
695 2599 774 2646 quam-

101 2659 199 2727 primum
210 2657 278 2722 ipsm,
296 2656 349 2717 quid
359 2655 449 2709 vellent,
462 2653 539 2716 Jussit
574 2659 590 2681 “
602 2650 726 2698 Praetorem
733 2648 776 2716 rie-

10 2744 12 2817 l
839 2757 911 2841 Δ

10 2818 13 2902 l
823 2896 927 2903 -
