1867 2925
149 83 199 128 089
231 77 260 128 T.
274 73 363 125 LIVII
380 73 433 125 Ism-
448 73 600 126 XXXVIII·
621 73 681 124 Cn.
694 75 735 124 25.

149 209 218 272 agie.
252 207 292 254 Ad
306 221 347 256 eos
360 205 475 268 proiectus
489 205 574 259 consul.
591 207 664 253 tertiis
679 207 762 254 matris
775 201 824 254 An-

146 287 234 334 cyram,
251 272 349 320 nobilem
365 273 389 318 in
405 273 448 320 illis
463 273 520 320 locis
536 272 618 324 urbem,
636 275 749 333 pervenit,
768 273 825 319 nuk
911 268 912 307 ἶ

149 339 227 386 hostes
243 338 310 400 paulo
325 338 376 399 plus
392 336 469 384 decem
486 337 556 384 millia
572 338 669 384 aberam.
708 337 756 386 Ubi
775 350 825 384 cum
911 340 912 347 ¹

148 404 232 450 stativa
248 411 330 454 assent,
348 401 433 450 facinus
450 403 594 449 memorabile
609 417 623 449 a
636 401 728 464 captivi
741 402 826 450 factum

148 475 191 516 en.
228 468 369 530 Ortiagontiu
381 467 452 530 reguli
464 481 522 513 uxor
532 465 606 514 sormi
620 466 703 514 eximiii
713 469 827 515 custodie-

149 533 214 580 batur
233 533 291 582 inter
310 533 385 594 plures
404 533 504 594 captivos
510 549 519 589 ;
539 533 577 578 cui
595 532 705 580 cusmdiae
722 533 827 586 ceriturio

149 606 252 660 praeernt,
271 605 294 644 et
308 597 403 644 libidinis
418 605 441 644 ct
451 598 552 644 avaritiae
566 597 675 644 militaris.
712 595 735 643 Is
750 599 826 660 primo

77 661 85 668 ”
149 663 307 724 ejusmimurn
324 663 432 709 tentavit:
452 679 519 723 quem
529 678 582 708 cum
592 663 747 709 abhorrentem
758 677 825 708 avo-

148 727 246 776 luntario
257 727 342 774 videret
353 735 437 790 stupro,
453 727 548 790 corpori,
561 728 622 789 quod
633 743 723 788 pervum
733 724 826 774 fortunia

148 800 203 846 crat,
222 794 268 840 vim
282 793 342 842 iecit
378 791 476 845 Deinde,
494 793 523 840 ad
532 793 657 840 leniendam
668 792 826 854 indignitatem

149 857 245 919 injuriae,
258 873 320 920 spem
332 857 415 904 reditus
426 857 454 904 ad
463 873 516 904 auos
523 858 611 904 mulieri
620 857 688 914 iacit3
700 865 725 903 ct
736 873 767 904 ne
777 870 827 905 eam

149 922 247 983 quidem,
265 932 290 970 ut
304 937 389 976 amans,
407 923 536 985 gratuitam.
573 921 644 971 Certo
661 923 709 969 euri
726 923 828 984 pondere

149 995 235 1049 pectus,
253 1003 282 1036 ne
296 1003 362 1048 quem
377 989 492 1034 conscium
503 1003 595 1035 cuorum
605 989 704 1040 haberet,
721 988 765 1049 ipsi
777 999 827 1050 pet-

148 1053 224 1106 mittit,
243 1059 275 1106 ut,
293 1068 359 1114 quem
370 1053 445 1107 vellet,
458 1068 529 1100 unum
539 1068 569 1098 ex
579 1053 672 1114 captivis
681 1054 788 1099 nuntium
799 1053 828 1098 acl

149 1131 203 1164 suos
214 1118 319 1164 mitteret.
356 1115 445 1164 Locum
456 1133 525 1179 prope
535 1117 620 1164 fliunen
630 1118 765 1173 constituit;
782 1130 828 1178 quo

148 1181 201 1234 duo,
219 1197 249 1230 oc
264 1183 321 1245 plus,
339 1183 459 1236 necessarii
475 1183 570 1244 captivae
584 1196 635 1227 cum
651 1197 707 1228 auro
722 1184 827 1229 venirent

150 1254 217 1294 nocte
232 1247 358 1308 insequenti
373 1248 402 1294 ad
415 1263 464 1294 eam
479 1247 635 1308 accipiendam
672 1245 745 1293 Forte
757 1245 827 1310 ipsius

149 1313 249 1360 mulieris
261 1329 339 1362 servus
349 1313 408 1359 inter
419 1313 519 1374 captivos
529 1313 628 1375 ejusdem
640 1312 753 1358 custodiae
763 1319 824 1358 erat:

148 1378 209 1424 hunc
220 1379 323 1425 nuntium
334 1377 411 1440 primis
422 1378 519 1424 tenebris
529 1385 594 1423 extra
604 1377 713 1422 ammones
723 1375 828 1423 centrario

148 1442 230 1489 educit.
266 1442 342 1491 Nocte
356 1442 483 1504 insequenti
496 1449 519 1490 et
533 1443 579 1489 duo
592 1443 713 1489 necessarii
727 1442 827 1489 mulieris

147 1506 178 1555 ud
186 1510 333 1555 constitutum
344 1508 426 1561 locum,
438 1516 461 1555 et
472 1509 573 1555 centun'o
583 1523 635 1555 cum
647 1507 737 1569 captivi
749 1509 825 1555 venit:
911 1551 912 1556 ,

148 1573 186 1619 ubi
203 1588 254 1619 curn
274 1587 353 1620 aurum
373 1574 523 1627 ostenderent,
541 1574 600 1633 quod
620 1588 732 1619 summam
749 1574 828 1619 talenti

148 1636 221 1684 Attici
233 1639 300 1700 (tanti
312 1638 371 1685 enim
383 1635 510 1701 pepigerat)
521 1639 636 1701 explerem
652 1639 735 1685 mulier
749 1636 829 1701 linget

141 1700 196 1756 sui,
214 1704 350 1765 stringerent
366 1702 458 1756 fen-um,
481 1712 505 1749 et
521 1704 674 1751 centurionem
692 1712 827 1765 pensantem

73 1799 75 1811 .
140 1782 228 1815 eurum
250 1770 385 1822 occiderent,
410 1769 534 1829 imperavit.
575 1768 679 1830 Juguuti
705 1770 827 1829 praecisum

140 1841 215 1894 *caput
229 1832 276 1894 ipsa
291 1834 417 1881 involutum
434 1841 497 1881 vecte
511 1833 594 1887 ferens,
611 1833 639 1879 ad
656 1834 732 1879 virum
752 1834 828 1881 onu-
911 1889 912 1892 Ἴ

147 1905 250 1959 gentem,
269 1900 306 1959 qui
317 1900 344 1945 ab
355 1898 454 1959 Olympo
469 1898 561 1945 domum
573 1898 694 1960 refugerat,
706 1898 824 1960 pervenit:
911 1945 912 1962 χ

146 1976 215 2021 quam
234 1964 362 2024 priusquam
381 1964 573 2025 complecteretur,
598 1970 665 2025 caput
687 1965 827 2011 centurionis

142 2032 200 2075 »unte
210 2028 278 2089 peden
289 2030 337 2090 ejus
348 2028 439 2091 abjecit:
460 2029 600 2090 mirantique,
618 2029 736 2091 cujusnam
752 2029 776 2075 id
790 2042 826 2076 cs·

139 2098 188 2153 put
202 2093 305 2146 hominis,
323 2101 362 2139 aut
376 2094 436 2153 quod
451 2094 474 2140 id
487 2093 573 2140 facinus
588 2090 760 2154 haudqutiquam
775 2108 826 2141 mu·

146 2156 215 2203 licbre
225 2166 291 2210 estat,
310 2166 334 2205 et
344 2158 446 2219 injuriam
458 2160 565 2221 corporis,
577 2167 601 2205 et
611 2159 721 2205 ultionem
733 2160 827 2206 violatae

146 2232 186 2281 per
197 2223 243 2267 vim
258 2222 371 2283 pudicitiae
382 2222 485 2270 consessa
500 2226 550 2270 viro
564 2232 612 2271 est:
631 2220 720 2283 alitque
731 2225 770 2288 (ut
781 2232 826 2272 tra-

144 2284 216 2345 ditur)
234 2288 352 2335 sanctitate
368 2295 392 2333 et
407 2290 520 2349 gravitate
536 2290 590 2337 vitae
606 2290 673 2350 hujus
691 2290 825 2336 matronalis
911 2307 912 2310 ¹

145 2346 251 2397 facinoris
262 2352 330 2398 decus
341 2350 369 2399 ad
380 2352 485 2399 ultimum
496 2354 645 2401 conservavit

179 2411 263 2461 XXV.
283 2416 321 2463 Ad
333 2417 448 2477 Ancyram
465 2420 489 2464 in
505 2411 586 2465 sintina
599 2418 758 2481 Tectosagum
773 2434 824 2467 ors·

141 2479 206 2521 tores
225 2480 254 2525 ud
272 2483 387 2529 consulem
407 2492 525 2537 venerunt,
546 2492 656 2545 petentes,
673 2499 704 2530 ne
723 2492 779 2531 ante
796 2485 824 2531 ab

145 2535 239 2609 Ancyra
258 2552 331 2592 cestro
347 2555 455 2602 moveret,
474 2564 541 2608 quam
559 2549 683 2596 collocutus
702 2564 758 2594 cum
777 2549 823 2595 stus

137 2601 234 2659 ¹regibus
248 2616 323 2655 esset:
342 2612 415 2659 nullm
430 2613 571 2662 conditiones
585 2614 646 2679 pacit
660 2614 688 2659 iis
702 2628 752 2661 non
763 2614 822 2662 telo
