1867 2925
180 149 313 201 ¹1⁸.less
329 145 382 199 Lus.
396 143 551 198 xxxvia
571 143 687 200 Car-*82
732 150 784 200 880

109 285 201 348 capturi
214 281 310 330 luerint:
328 281 426 329 maalme
437 287 511 328 autam
527 280 678 329 camoenam
688 293 728 327 eos
737 280 788 328 mt-

111 359 161 402 tus,
180 350 199 394 si
217 348 284 394 semel
301 348 379 410 primis
398 347 497 408 imperils
514 346 637 392 obediendo
649 347 733 409 jugum
750 361 788 393 ac-

112 416 234 477 cepissent,
246 425 281 466 ne,
294 413 315 458 id
323 413 436 474 quodJ'am
445 411 483 458 diu
494 413 617 464 moliretur,
630 409 788 473 Philopoemen
815 415 820 420 ’

115 475 229 526 exsulibus
246 477 432 524 Lacedaemonem
452 477 556 524 traderet.
592 475 703 522 Furentea
719 477 789 540 lgltur

114 542 156 598 iri,
175 543 264 608 triginta
282 543 408 589 hominibus
423 557 451 588 ex
468 541 572 595 factione,
590 554 641 588 cum
656 540 701 601 qui
715 541 790 588 conal-
812 565 818 580 ο

114 609 196 656 liorunr
214 609 287 668 aliqua
305 609 399 654 societas
414 605 580 669 Philopoemeni
594 613 662 667 atque
675 605 790 653 exnrlrbus

114 679 169 728 erat,
187 673 319 724 interiectis,
337 673 490 725 decreverunt,
509 672 678 718 renuntiandam
696 671 790 719 socien-

114 745 162 786 tem
174 738 275 789 Achaeis,
292 737 423 799 legatosque
433 737 546 798 extemplo
558 734 725 798 Cephalleniam
737 737 790 782 mit-

116 804 204 856 tendos,
230 802 268 863 qui
290 803 376 848 consuli
398 797 434 848 M.
456 801 546 855 Fulvio,
570 802 652 862 quique
670 800 789 854 Romtuis,

117 867 306 914 lacedaemonem
318 867 436 924 dederent;
454 873 588 927 orarentque
596 881 655 917 eum,
667 874 694 911 ut
703 866 791 913 veniret

107 933 141 984 in
153 929 341 994 Peloponnesum,
360 933 387 979 ad
402 933 479 978 urbem
492 931 678 977 lacedaemonem
689 930 713 976 in
722 930 790 977 iidem

115 997 269 1058 ditionemque
279 995 354 1058 populi
365 997 463 1043 Romani
475 997 631 1058 accipiendam.

151 1059 265 1108 XXXII.
285 1060 312 1107 Id
323 1063 359 1108 ubi
370 1062 438 1124 legati
449 1062 478 1108 ad
489 1061 588 1108 Acbaeos
599 1061 729 1114 retulerunt,
742 1073 791 1108 om·

117 1127 182 1172 nium
200 1127 328 1179 eivitatium,
347 1141 397 1186 quae
412 1129 460 1188 ejus
477 1127 564 1174 concilii
581 1135 651 1179 erant,
669 1137 790 1179 consensu,

116 1191 201 1238 bellum
222 1190 398 1238 Lacedaemoniis
417 1191 524 1238 indictum
544 1199 585 1238 eat.
620 1191 659 1237 Ne
677 1191 791 1254 extemplo

118 1263 241 1320 gereretur,
260 1257 330 1304 hiems
341 1256 452 1318 impediit:
473 1257 635 1303 incursionibus
649 1265 725 1302 tamen
740 1269 792 1318 par·

119 1321 162 1375 vis,
180 1321 288 1367 latrocinii
299 1323 371 1383 magia
383 1335 448 1381 quam
460 1322 511 1367 belli
522 1321 597 1374 modo,
616 1335 661 1367 non
672 1317 732 1367 terri
742 1327 793 1367 tca-

118 1394 176 1439 tum,
196 1385 234 1432 sed
248 1386 314 1433 etiam
330 1386 422 1432 nasibus
437 1401 450 1432 a
463 1387 526 1439 mari,
544 1385 600 1432 iinea
611 1401 688 1432 eorum
700 1383 789 1430 vmtati.

119 1450 169 1499 Hic
185 1451 296 1498 turnultus
314 1451 427 1498 consulem
444 1452 467 1497 in
487 1449 667 1513 Peloponnesum
686 1449 792 1507 adduxit3

114 1519 227 1584 jussuque
241 1518 289 1579 ejus
305 1516 358 1563 lilia
373 1517 467 1563 concilio
478 1517 568 1569 indicto,
587 1515 753 1563 Lacedaemonii
764 1515 793 1563 td

119 1582 288 1643 disceptandum
300 1582 370 1628 acciti.
406 1582 495 1643 Magna
505 1582 534 1628 ibi
545 1596 591 1628 non
603 1582 733 1643 disceptatio
742 1593 793 1627 mo·

120 1648 158 1701 do,
177 1647 297 1693 sedetiam
316 1646 428 1693 altercatio
445 1646 501 1692 lull:
521 1647 557 1693 eui
571 1648 657 1701 consul,
675 1660 727 1693 cum
742 1647 792 1699 alia,

120 1711 175 1759 satis
190 1712 306 1758 ambitiose
316 1720 401 1773 partem
413 1718 530 1772 utramque
540 1711 644 1769 fovendo,
662 1713 748 1759 incerta
758 1726 795 1758 re-

121 1777 255 1839 apondisset,
274 1775 318 1822 uni
337 1776 511 1830 denuntiatione,
529 1783 554 1822 ut
572 1777 631 1823 bello
649 1778 793 1829 abstinerent,

120 1843 194 1889 donec
209 1840 306 1888 Romam
324 1841 410 1903 legatos
427 1841 454 1886 ad
471 1849 572 1887 senatum
589 1841 709 1892 misissent,
726 1838 795 1886 linem

117 1906 234 1969 imposuit.
271 1904 391 1965 Utrimque
405 1905 489 1966 legatio
499 1906 567 1951 missa
578 1905 675 1951 Romam
686 1911 735 1951 est:
754 1915 795 1951 ex·

119 1972 183 2018 aulea
199 1986 288 2032 quoque
305 1970 529 2017 lacedaemoniorum
546 1984 609 2016 saram
626 1984 714 2016 oaumm

120 2037 252 2097 tionmnque
267 2036 358 2082 Achaeis
372 2036 524 2097 injunxerunt.
560 2034 692 2096 Diophanes
707 2041 731 2081 et
766 2049 811 2096 y.·
849 2045 852 2051 “

121 2106 204 2154 cottas,
231 2101 418 2163 Megalopolitani
444 2101 516 2150 ambo,
541 2100 653 2161 principes
677 2100 797 2162 legationis

121 2166 372 2212 Achaeommfuenrnt:
387 2166 432 2226 qui,
444 2164 576 2211 dissidentes
584 2166 607 2210 ia
617 2163 734 2226 republici,
746 2171 796 2210 tum

122 2244 214 2291 quoque
228 2232 320 2277 minime
338 2227 396 2275 inter
413 2244 438 2276 se
455 2230 614 2276 convenientes
630 2231 742 2276 orationes
755 2230 797 2275 laa-

121 2297 226 2341 buerunt
262 2294 393 2357 Diophanes
404 2295 491 2341 senatui
502 2294 683 2357 disceptationem
695 2294 796 2340 omnium

123 2374 200 2406 rerum
218 2362 370 2421 permittebat:
397 2374 436 2406 eos
455 2358 539 2421 optime
558 2360 721 2407 controversias
738 2360 797 2405 inter

123 2424 226 2471 Achaeos
241 2440 267 2471 ac
283 2424 467 2477 Lacedaemonios
483 2424 586 2470 finituros
602 2440 665 2471 esse:
686 2423 798 2485 Lycortas

124 2488 470 2615 mensalium:
479 2489 614 2605 ‘iffi
627 2489 799 2614 tettae&

124 2618 294 2681 libertatemque
304 2617 345 2663 sibi
354 2618 466 2671 illibatam,
480 2619 543 2679 eujus
550 2617 592 2679 ipsi
603 2622 705 2664 auctores
713 2622 796 2666 aaut,

120 2688 265 2747 mutarent·
300 2680 397 2745 Magne
404 2682 543 2791 tumorltptia
552 2680 612 2792 ppud
621 2680 796 2731 &meum
838 2708 933 2742 ,—

522 2760 537 2792 a
