1867 2925
158 184 191 230 44
267 177 400 227 T.L1vl1
417 178 471 227 Lra.
485 177 586 226 XXXI.
606 177 667 229 Car.
681 179 726 227 45

157 310 217 357 ciros
236 307 359 371 scylleum
378 311 427 372 agri
447 309 592 358 Hermionici
610 310 690 358 Attalo
709 308 759 371 regi
778 324 836 356 oons

122 380 125 389 ‘
152 374 235 437 juncta
242 381 284 421 est.
314 374 375 421 Tum
386 391 441 421 vero
450 375 624 422 Atheniensium
635 376 721 428 civitas,
734 374 770 420 cui
781 375 836 421 odio

157 440 181 487 in
198 436 327 503 Philippum
343 455 381 501 per
396 448 482 486 metum
494 443 541 503 jam
557 441 595 487 diu
609 440 724 487 moderata
738 447 793 493 erat,
810 441 837 487 id

130 498 137 507 ’
157 518 227 550 omne
240 505 264 549 in
278 505 354 552 auxilii
369 505 487 566 praesentis
498 521 560 567 spem
572 504 662 552 efflrdit:
682 520 724 551 nec
735 519 836 565 unquam

158 569 186 617 soi
205 570 286 617 desunt
301 570 387 631 linguae
403 577 500 631 promtae
515 570 544 617 ad
560 570 646 632 plebem
662 570 834 628 concitandam

157 634 218 696 quod
228 650 308 696 genus,
328 650 379 681 oum
395 634 417 679 in
434 636 538 683 omnibus
548 635 622 681 liberis
633 634 766 687 civitatihus,
784 641 836 681 tum

156 699 270 761 praecipue
280 699 385 752 Athenis,
404 700 440 747 ubi
452 700 523 746 oratio
534 700 656 761 plurimum
666 700 742 761 poiiet,
754 698 837 747 favore

157 762 306 814 mulu'tudinis
317 764 389 810 alitur.
425 764 580 827 Rogationem
595 766 708 826 extemplo
722 765 835 819 tulerunt,

156 828 277 889 plebesque
299 828 371 883 scivit,
399 836 415 859 ‘⁴
433 838 458 876 ut
486 828 583 892 Philippi
608 836 697 883 stature,
722 830 837 891 imagines

157 908 244 947 omnes,
262 894 397 955 nominaque
412 910 496 949 earum,
513 895 568 941 item
583 896 693 957 majorum
704 896 753 957 ejus
760 895 838 942 ,virttis

157 970 183 1005 ac
198 959 311 1007 muliebris
327 958 395 1005 sexiis
411 960 520 1013 omnium,
538 960 677 1013 tollerentur,
695 959 837 1005 delerentur-

156 1038 212 1084 que:
232 1024 279 1071 dies
296 1024 355 1078 festi,
374 1038 442 1077 sacra,
461 1024 594 1079 sacerdotes,
612 1040 663 1085 que
677 1025 747 1086 ipsius
760 1026 837 1087 maj0-

155 1104 237 1200 ¹rumve
247 1090 295 1199 pjua
305 1089 397 1199 holrppria
408 1088 476 1137 causi
485 1090 836 1201 infimuhffmt'thhndhtprh

165 1168 292 1200 marenur.
365 1169 392 1201 ca
417 1170 432 1199 u
463 1170 540 1209 ue,1n
565 1171 588 1201 ru

155 1218 316 1281 inscriptumve
332 1170 424 1265 honorils
433 1171 491 1281 ἔξω
507 1171 574 1267 caudi
588 1170 836 1273 fuiasldotndetestnhidlia

156 1299 221 1341 esse3
238 1298 311 1345 neque
325 1285 349 1330 in
364 1284 391 1331 iis
406 1286 526 1346 quidquam
536 1292 615 1348 postea
628 1285 682 1347 poni
693 1284 836 1345 dedicarique

155 1348 244 1411 placere
254 1364 339 1404 eorum,
357 1365 409 1410 quae
420 1351 443 1395 in
453 1351 505 1397 loeo
516 1366 572 1413 puro
583 1350 636 1412 poni
647 1349 787 1409 dedicarique
797 1349 835 1397 sas

156 1421 223 1462 esset.
260 1414 391 1464 Sacerdotes
408 1416 515 1478 publicos,
533 1415 717 1477 quotiescumque
733 1430 774 1477 pro
789 1431 834 1477 po·

156 1479 209 1542 pulo
226 1479 371 1534 Atheniensi,
393 1481 511 1542 sociisque,
532 1489 555 1528 et
573 1481 713 1534 exercitibus,
731 1488 755 1527 et
773 1481 835 1528 cias-

156 1545 217 1592 ribus
231 1560 309 1592 eorum
324 1553 476 1607 precarentur,
494 1548 562 1593 toties
572 1536 676 1593 detestari
687 1554 755 1606 atque
765 1559 834 1592 exse·

155 1610 212 1656 orari
224 1607 359 1672 Philippum,
376 1612 458 1658 liberos
476 1613 532 1674 ejus,
550 1627 696 1674 regnumque
714 1618 834 1658 terrestres

155 1674 289 1736 navalesque
304 1676 385 1737 copias,
404 1676 558 1724 Macedonum
572 1692 646 1739 genua
657 1691 724 1723 omne
734 1691 833 1722 nomen-

155 1737 226 1798 que.”
253 1739 363 1786 Additum
374 1741 473 1797 decreto,
486 1751 502 1772 “
511 1743 537 1790 si
546 1743 598 1802 quis
607 1743 662 1802 quid
672 1748 756 1803 postea,
769 1741 846 1801 quod*

154 1803 183 1850 ad
200 1809 276 1852 notam
290 1805 482 1868 ignominiamque
497 1807 593 1870 Philippi
608 1807 736 1869 pertineret,
752 1806 832 1860 ferret»

154 1868 178 1915 id
197 1884 265 1917 omne
283 1871 389 1933 populum
409 1872 573 1919 Atheniensem
588 1874 720 1936 jussurum
742 1871 761 1918 si
780 1872 834 1932 quis

154 1940 234 1982 contra
250 1936 405 1998 ignominiam,
422 1951 493 1999 prove
508 1938 594 1984 honore
612 1939 661 2001 ejus
679 1937 779 1990 dixisset,
797 1935 834 1984 fe-

154 1997 258 2054 cissetve,
276 2002 314 2062 qui
333 2001 452 2049 occidisset
470 2019 529 2057 aare,
543 2004 596 2066 jure
614 2000 761 2050 mannum?
777 2017 834 2064 pos-

153 2070 227 2112 tremo
243 2065 361 2121 inclusum,
387 2066 456 2114 “Ut
474 2068 557 2122 omnia,
577 2083 629 2130 qun
647 2068 755 2115 adversm
771 2065 836 2114 Pisi-

156 2129 260 2178 stratidas
276 2131 366 2179 decreta
376 2133 489 2194 quondam
504 2141 575 2187 erant,
593 2133 671 2180 eadem
686 2134 710 2179 in
726 2130 835 2194 Phihppo

155 2195 324 2243 servarentur.’'
358 2198 511 2245 Athenienses
523 2199 613 2260 quidem
623 2198 694 2245 literis
704 2197 831 2258 verbisque,

154 2261 233 2372 ffius
244 2261 298 2309 solis
308 2263 391 2318 valent,
408 2263 492 2310 bellum
507 2264 614 2312 adremus
621 2263 754 2326 Philippum
764 2278 834 2326 gere-

199 2333 216 2371 i.

188 2389 268 2438 XLV.
288 2393 381 2440 Attalus
392 2392 543 2455 Romanique,
561 2409 613 2442 cum
629 2393 742 2441 Piraeeum
756 2392 832 2455 primo

153 2455 182 2501 ab
196 2454 324 2505 Hermione
335 2459 449 2521 petissent,
467 2474 552 2521 paucos
566 2460 596 2505 ihi
610 2460 692 2506 morati
702 2459 756 2514 dies,
775 2473 833 2505 one-

153 2519 240 2579 ratique
257 2537 321 2583 aeque
334 2523 461 2570 immodicis
475 2524 504 2571 ad
517 2525 615 2570 honores
625 2525 745 2578 sociorum,
762 2531 833 2584 atque

152 2583 176 2628 in
191 2581 225 2630 irt
235 2585 342 2635 adversus
354 2589 442 2634 hnsoem
452 2588 549 2642 fuerant,
567 2589 742 2636 Atheniensium
752 2589 837 2636 decre-

152 2647 188 2700 fit,
206 2649 315 2712 navigant
330 2668 344 2699 a
361 2652 450 2700 Piraeeo
464 2654 585 2700 Andrum:
604 2661 628 2701 et
644 2669 696 2701 cum
713 2654 737 2700 in
751 2659 828 2715 portu,

150 2727 218 2773 quem
238 2714 368 2766 Gaureleon
389 2725 480 2775 vocant,
502 2719 664 2780 comtissent,
685 2718 774 2774 muns,
787 2717 836 2780 qui
882 2751 886 2771 ι
