1867 2925
189 110 322 164 'mvn
337 110 390 161 Issi
404 113 542 166 XXXVII.
562 116 622 168 Car.
638 122 675 169 lo.
722 129 767 173 801

98 242 211 303 'l'tyatira
220 250 287 296 esset,
298 244 408 291 hortando
418 246 515 308 perpulit
526 246 624 303 Livium,
636 257 662 297 ut
672 252 769 315 quinque
852 298 863 309 ,

98 308 169 355 millia
179 308 275 354 militum
284 322 360 354 seeum
370 310 476 357 mitteret.
506 311 574 359 Missi
585 314 698 378 ingentem
709 334 768 380 prae·

98 372 152 419 dam
162 374 221 419 intra
230 388 314 433 paucos
326 374 374 419 dies
385 382 521 423 avertenmt.

132 436 181 483 IX.
199 435 263 483 Inter
276 438 326 484 haec
345 437 449 486 Phocaeae
465 441 544 487 seditio
562 450 618 497 orta,
637 446 767 505 quibusdam

98 501 272 549 adAntiochum
281 503 520 551 multitudinisanimos
528 508 678 555 avocantibus.
707 512 767 562 Gra·

99 567 138 613 ria
148 566 238 611 hiberna
251 568 344 613 navium
359 576 437 625 erant;
453 585 524 631 grave
534 572 647 627 tributum,
660 574 719 634 quod
730 582 766 623 to-

96 645 136 692 gae
146 630 276 691 quingentae
290 631 405 692 imperatae
419 642 490 687 erant,
503 650 554 681 eum
565 637 693 700 quingentis
705 641 764 687 tuni·

97 695 144 742 eis:
162 695 313 756 gravisetiam
321 696 515 757 inopiafrumenti,
523 708 613 761 propter
621 718 687 762 quam
696 714 765 753 navet

14 761 15 764 ’
95 775 187 820 quoque
197 766 221 805 et
229 760 355 820 praesidium
366 761 495 809 Romanum
507 766 608 811 excessit.
639 766 699 815 Tum
708 784 763 817 vero

94 825 189 871 liberata
198 832 260 870 metu
270 823 336 871 factio
351 834 405 879 erat,
423 842 475 886 quae
489 828 574 889 plebem
585 830 608 875 in
619 832 763 881 concionibus

94 889 125 935 ad
132 888 271 935 Antiochum
280 890 386 936 trahebat.
415 891 512 939 Senatus
519 901 542 939 et
553 895 669 955 optimates
679 897 702 941 in
709 897 763 945 Ro-

94 950 164 999 mani
185 953 291 1001 societate
311 955 453 1013 perstandum
474 959 607 1005 censebant:
633 959 762 1009 desectionis

95 1023 199 1065 auctores
209 1017 259 1077 plus
270 1018 327 1079 apud
337 1019 502 1066 multitudinem
510 1021 634 1069 valuerunt
668 1023 759 1081 Rhodii,

93 1098 140 1143 quo
151 1081 225 1141 magia
234 1089 344 1128 oessatum
359 1084 433 1145 priore
448 1092 526 1131 aestate
542 1095 595 1141 erat,
611 1103 638 1134 eo
654 1090 763 1137 maturius

94 1146 230 1209 equinoctio
240 1161 310 1192 verno
322 1148 424 1195 eundem
435 1148 598 1197 Pausistratum
613 1152 688 1199 elassis
702 1148 762 1216 pras·

92 1210 180 1258 feetruu
190 1224 242 1255 eum
257 1225 297 1257 sex
308 1218 332 1257 et
346 1212 438 1273 triginta
449 1215 542 1260 navibus
556 1216 671 1263 miserunt.
706 1217 759 1266 Jam
816 1268 819 1273 ,

93 1274 176 1323 Livius
186 1289 200 1321 a
211 1272 280 1322 Canis
297 1290 348 1321 eum
359 1277 452 1337 triginta
460 1279 553 1325 navibus
569 1286 591 1324 et
608 1288 693 1341 septem
704 1297 760 1343 qua·

94 1338 233 1392 driremtbus,
244 1354 300 1399 quas
307 1355 383 1388 seeum
391 1340 506 1389 Eumenes
515 1357 554 1389 rex
563 1343 690 1398 adduxerat,
701 1344 760 1393 Hel-

91 1403 220 1466 leapontum
236 1404 339 1466 petebat5
356 1412 381 1451 ut
395 1405 423 1452 ad
434 1408 551 1453 transitum
562 1407 679 1463 exercitis,
692 1424 759 1470 quem

88 1466 151 1516 tend
170 1475 289 1516 venturum
311 1469 447 1531 opinabatur,
466 1479 607 1533 praepararet,
630 1488 680 1533 quae
701 1490 758 1538 opus

92 1541 175 1584 essent.
211 1531 241 1579 In
253 1541 349 1595 portum
365 1549 431 1596 quem
447 1544 530 1583 vocant
540 1537 684 1593 Achaeorum,
700 1540 758 1588 olas·

91 1613 138 1646 sem
157 1598 255 1660 primum
271 1597 379 1645 advertit:
398 1599 450 1647 inde
466 1599 534 1646 Ilium
550 1601 670 1657 adscendit,
689 1606 756 1652 saeri-

89 1661 186 1724 ficisque
197 1663 310 1709 Minervae
324 1661 392 1716 facto,
408 1664 532 1725 legationes
541 1664 645 1714 finitimas
656 1669 683 1714 ab
693 1668 757 1718 Elea·

90 1735 154 1781 unte,
164 1734 189 1774 et
197 1726 313 1779 Dardano,
324 1734 348 1773 et
355 1727 462 1782 Rhoeteo,
475 1729 586 1777 tradentes
596 1731 619 1776 in
627 1728 692 1778 fidem
701 1733 756 1780 civi·

88 1799 148 1839 tatas
168 1805 228 1844 auus,
248 1791 345 1853 benigne
361 1792 452 1839 audivit·
491 1792 593 1841 Indead
613 1794 756 1858 Hellesponti

86 1855 164 1906 lauces
174 1856 282 1917 narigat;
299 1863 329 1909 et,
341 1856 417 1902 decern
428 1857 520 1904 navibus
530 1858 554 1903 in
567 1859 663 1905 statione
677 1868 756 1910 eontra

87 1921 195 1982 Abydum
205 1919 293 1972 relictis,
305 1919 387 1967 caeteri
394 1921 464 1967 classe
472 1923 494 1966 in
503 1921 617 1984 Europam
624 1923 656 1987 μὶ
664 1923 755 1972 Sestum

86 1985 260 2048 oppugnandam
270 1985 362 2045 trajecit.
393 1984 446 2032 Jam
456 1985 599 2033 subeuntibus
607 1989 696 2035 annatis
704 2005 756 2037 mu·

85 2067 130 2104 ros.
145 2049 238 2096 fanatici
248 2048 309 2095 Galli
324 2050 487 2111 primumcum
505 2050 597 2098 sollenni
612 2052 686 2100 habitu
701 2063 755 2101 ante

183 2120 310 2160 occurrunt.
344 2112 415 2160 Jussu
425 2129 450 2160 se
463 2113 547 2160 Matris
563 2113 640 2162 Deum
657 2116 755 2166 famulos

84 2122 234 2228 fflenue
243 2185 375 2230 memorant,
386 2177 415 2224 ad
425 2177 559 2239 precandum
573 2179 710 2234 Romanum,
727 2190 752 2228 ut

85 2249 187 2308 parceret
201 2242 313 2289 moembus
331 2243 429 2302 urbique
464 2241 541 2290 Nemo
558 2259 635 2291 eorum
655 2245 751 2292 violatus

83 2318 132 2358 est:
150 2321 206 2354 mox
216 2306 334 2352 universus
343 2313 432 2353 senatus
441 2321 492 2353 eum
504 2307 668 2369 magistratibus
676 2308 704 2354 ad
712 2308 753 2355 de-
829 2315 834 2324 ·

84 2373 180 2423 desdam
203 2372 280 2418 urbem
300 2371 414 2432 processit.
458 2370 515 2418 Inde
534 2372 640 2432 Abydum
659 2373 753 2432 traiecta

82 2437 176 2490 masis:
195 2435 231 2482 nbi
241 2449 302 2488 oum,
314 2435 404 2482 tentatis
416 2449 457 2496 per
468 2435 579 2496 colloquia
591 2435 676 2489 animis.
695 2436 750 2484 nihil

82 2500 158 2579 pacati
173 2498 352 2561 responderetur,
366 2498 396 2548 ad
411 2501 598 2562 oppugnationem
618 2514 669 2548 sese
682 2514 750 2562 expe·

82 2566 235 2682 ¹1¹egmllum
246 2630 295 2678 haec
306 2626 486 2693 inHellesponto
495 2633 612 2736 {eruntne
626 2625 753 2692 Polyxeni-

110 2708 165 2744 ΥΟΕ
178 2706 211 2742 Π·
338 2720 342 2724 ’
528 2705 544 2736 D
