1867 2925
183 155 317 206 smvu
332 155 389 208 nn,
401 149 540 206 xxxvn
559 154 621 208 cn
634 135 674 205 ss
718 157 767 204 sas

87 288 185 336 minime
197 303 262 349 aequo
272 288 346 335 ammo
356 287 417 335 vinci
427 302 528 364 pnsmm
563 286 685 352 Hancego
693 285 766 337 mard-

87 369 153 400 mam
165 353 316 400 haereditatem
327 369 341 400 a
351 360 415 415 patre
424 353 507 415 accepi,
518 353 558 414 qui
569 354 654 430 primus
665 351 767 399 emnium

88 419 174 466 Asiam
184 419 341 480 Graeciamque
351 419 512 466 incolentium
505 432 530 463 m
537 418 657 464 amicitiam
667 423 766 464 vestram
791 438 793 447 ¹

89 483 163 536 venit,
177 499 268 559 eamque
279 481 387 546 perpetui
396 491 419 530 et
430 483 541 530 constanti
551 483 593 529 tide
602 483 632 530 ad
640 489 767 530 mianum

88 546 160 594 finem
180 548 233 594 vitae
252 549 370 610 perduxit:
394 563 436 594 nec
455 548 564 594 dunum
581 547 681 594 animum
704 545 769 592 vobis

89 614 175 659 bonum
186 629 213 660 ac
223 613 313 660 fidelem
324 614 442 692 praestitit,
448 613 488 660 sed
498 613 601 658 omnibus
611 611 710 658 interfuit
720 610 768 656 bei-

89 677 124 731 lis,
141 693 197 738 quae
208 679 232 722 in
249 675 341 724 Graecii
353 677 462 740 gessistis,
477 678 626 731 terrestribus,
638 676 768 732 navalibus,

90 744 153 789 omni
173 757 260 804 genere
279 744 443 789 commeatuum
462 742 501 795 ita,
525 751 550 788 ut
569 757 637 788 nemo
655 742 767 789 sociorum

88 814 219 854 vestrorum
229 808 312 866 aequari
321 805 366 854 ulli
373 815 436 870 parte
443 815 528 868 posset,
540 823 582 854 vos
592 807 684 869 adjuvit.
709 805 768 853 Pos-

88 880 171 926 tremo,
180 887 232 919 cum
241 871 339 918 Boeotos
350 873 513 920 adsocietatem
524 880 623 919 vestram
633 873 766 924 hortaretur,

88 937 116 993 inl
126 933 177 998 ipsi
192 936 302 982 concione
315 936 484 990 intermortuus,
502 938 561 984 baud
576 937 647 984 multo
661 943 714 998 post
727 950 768 982 ex·

88 1001 191 1064 spiravit.
216 999 295 1063 Hujus
306 1017 349 1062 ego
360 1002 456 1064 vestigia
466 1002 588 1064 ingresms,
601 999 711 1049 voluntati
718 1000 768 1060 qui-

89 1066 142 1114 dem
154 1073 179 1112 et
190 1066 264 1112 studio
275 1067 299 1112 in
310 1067 408 1113 colendis
419 1067 483 1113 vohis
493 1067 588 1128 adjicere
598 1067 693 1130 (etenim
703 1065 768 1112 inex-

86 1131 226 1193 superabilia
236 1131 285 1176 haec
300 1129 374 1191 erant)
390 1131 445 1178 nihil
459 1132 536 1193 potui:
554 1133 619 1178 rebus
633 1131 686 1193 ipsis
700 1131 768 1178 mesi·

91 1196 169 1257 iisque
178 1203 202 1242 et
213 1196 319 1258 impensis
331 1195 454 1242 officiorum
466 1203 492 1243 ut
502 1211 606 1258 superare
612 1212 710 1258 possem,
720 1196 768 1242 ior-

90 1268 153 1314 tuna,
168 1269 276 1321 tempora,
293 1260 427 1314 Antiochus,
439 1267 462 1306 et
473 1261 555 1308 bellum
566 1262 590 1307 in
601 1258 659 1308 Asii
668 1267 766 1322 gestum,

89 1327 237 1390 praebuerunt
248 1325 370 1370 materiam.
405 1324 459 1371 Rex
470 1325 534 1372 Asiae
547 1333 571 1372 et
584 1326 654 1386 partis
667 1325 769 1386 Europae

89 1391 223 1442 Antiochus
237 1389 305 1436 filiam
320 1405 383 1440 susm
398 1390 421 1434 in
436 1391 602 1437 matrimonium
616 1390 671 1442 mihi
685 1389 767 1446 dabat;

89 1456 225 1507 restituebat
235 1455 348 1517 extemplo
355 1455 465 1509 civitates,
475 1471 526 1516 quse
533 1454 660 1506 defecerant
667 1470 681 1501 a
689 1454 768 1513 nobis3

89 1537 156 1583 spem
172 1536 279 1581 magnam
294 1520 317 1565 in
332 1527 446 1581 posterum
461 1519 609 1581 amplificandi
623 1520 686 1582 regni
701 1519 769 1567 iacie-

89 1588 136 1640 hst,
158 1586 177 1631 si
188 1597 265 1631 secum
276 1585 383 1632 adversus
397 1600 439 1631 vos
452 1585 535 1631 bellum
549 1586 677 1648 gessissem.
712 1584 769 1633 Non

89 1651 207 1713 gloriabor
217 1667 252 1703 eo,
262 1650 322 1711 quod
333 1651 388 1703 nihii
398 1651 421 1696 in
432 1666 475 1696 vos
483 1650 612 1711 deliquerim
621 1670 626 1698 ι
639 1651 766 1713 illapotius,

91 1731 146 1777 quae
165 1714 317 1761 vetustissimi
335 1714 416 1763 domis
436 1722 520 1761 nostrae
538 1717 653 1763 vobiscum
672 1713 770 1763 amicitiai

89 1781 164 1857 digna
180 1788 240 1833 sunt,
260 1778 361 1827 refermn.
397 1778 542 1827 Pedestribus
556 1782 715 1841 navalibusque
729 1796 769 1826 co-

40 1872 42 1877 ·
88 1846 151 1922 piis,
153 1852 179 1891 ut
189 1860 257 1891 nemo
267 1852 394 1891 vestrorum
403 1846 514 1893 sociorum
525 1862 563 1893 me
573 1846 709 1925 equiparare
716 1860 769 1906 pos·

87 1918 133 1988 set,
145 1910 292 1972 imperatores
303 1917 390 1957 vestros
400 1911 490 1973 adjuvi;
502 1917 641 1958 commeatus
651 1907 711 1957 terri
721 1924 769 1957 ma-

89 1978 155 2039 rique
164 1976 320 2038 suppeditavi,
333 1976 447 2022 navalibus
457 1976 549 2037 proeliis,
565 1990 616 2035 quae
627 1976 703 2027 multis
713 1975 770 2025 locis

88 2042 151 2091 facta
160 2050 219 2093 sunt,
230 2041 333 2087 omnibus
344 2039 411 2098 affui3
423 2056 465 2087 nec
476 2041 545 2098 labori
555 2056 607 2087 meo
618 2056 660 2087 nec
670 2041 769 2103 periculo

89 2122 189 2168 usquam
200 2106 296 2167 peperci.
333 2104 402 2159 Quod
412 2106 561 2154 miserrimum
572 2107 641 2153 estin
651 2106 717 2160 bello,
729 2106 770 2153 ob-

89 2173 203 2219 sidionem
218 2186 297 2233 passus
315 2184 373 2223 sum,
390 2169 497 2232 Pergami
511 2171 610 2219 inclusus
625 2188 677 2219 cum
691 2171 770 2217 discri-

90 2238 154 2283 mine
165 2237 246 2282 ultimo
258 2236 324 2282 simul
335 2236 388 2283 vitae
403 2236 520 2297 regnique.
556 2237 675 2285 Liberatus
690 2235 770 2283 deinde

88 2302 215 2354 obsidione,
237 2316 288 2347 cum
308 2298 350 2351 alii
369 2308 431 2363 parte
450 2301 585 2355 Antiochus,
603 2300 646 2348 alii
662 2301 770 2347 Seleucus

91 2368 153 2415 circa
164 2380 239 2412 arcem
252 2366 315 2427 regni
331 2366 373 2413 mei
385 2374 457 2413 castra
469 2368 581 2420 haberent,
599 2365 681 2412 relictis
695 2366 769 2419 rebus,

90 2428 141 2480 toti
152 2430 224 2478 classe
235 2431 263 2477 ad
276 2430 449 2493 Heliespontum
467 2431 497 2478 L.
512 2432 611 2494 Scipioni
621 2430 708 2478 consuli
718 2445 770 2478 ves·

91 2506 128 2545 tro
137 2497 234 2548 occurri,
248 2504 273 2542 ut
283 2512 334 2542 eum
346 2496 369 2541 in
380 2496 510 2559 trajiciendo
521 2497 620 2543 exercitu
630 2496 767 2558 adjuvarem

90 2561 233 2623 Postquam'
227 2576 251 2606 ιιι
263 2562 342 2607 Asiam
353 2561 464 2609 exercitus
475 2570 550 2608 vester
561 2569 596 2607 est
607 2567 768 2622 transgressus,

89 2642 208 2689 nunquam
224 2642 237 2671 a
252 2626 344 2673 consule
358 2627 467 2675 abscessi.
489 2642 557 2672 nemo
571 2625 636 2672 miles
649 2624 769 2671 Romanus

89 2694 165 2757 ιιιιςίι
180 2690 301 2741 assiduus
295 2706 320 2739 m
330 2693 409 2741 eastris
424 2692 506 2763 vestris
518 2689 568 2750 fuit,
587 2704 659 2752 quam
669 2705 714 2753 ego
723 2688 770 2736 irs-
