1867 2925
215 155 246 213 a
259 153 348 204 mvn
364 153 417 204 aa
432 153 572 226 xxxma
592 152 705 204 cura
748 161 797 210 ω

121 287 215 350 legendi
225 285 298 347 emut)
309 286 422 350 perfectio,
434 286 538 334 conculca
548 293 701 348 premiaque
709 287 735 336 io
745 303 799 350 pro·

121 354 210 402 vincior
221 352 397 414 proiicircuntur.
425 350 498 400 Fama
507 351 588 400 deiude
597 352 626 401 de
636 353 701 402 rebua
709 353 732 398 in
740 351 799 402 Arii

121 419 196 478 gestia
207 425 289 464 temere
300 418 392 478 vulgato
403 417 451 464 aine
461 424 566 464 auctore:
586 427 609 463 et
620 425 672 478 port
682 418 729 466 diet
741 434 798 480 pau·

116 498 164 529 cos
176 483 245 530 nuntii
256 483 312 530 certi
322 481 438 542 literaeque
448 482 588 544 imperatoria
598 481 697 528 Romam
708 483 797 542 alum

122 563 177 607 quae
188 562 232 594 non
244 555 333 596 tantum
344 547 450 608 gaudium
461 549 489 594 ah
500 548 585 594 reoerrti
596 554 658 593 metu
665 548 795 603 attulerunt,

134 612 245 659 desierant
263 613 325 658 enim
344 613 429 658 victum
447 612 473 658 in
492 611 580 659 AEtolii
598 609 708 671 metuere)
728 627 796 672 quarn

133 683 264 730 averterunt
273 676 356 724 famam
364 675 384 740 ς]
396 677 456 737 quod
464 677 592 723 ineuntibus
599 677 623 722 id
630 677 712 724 bellum
719 677 806 738 gravir'

119 742 192 796 hortis
206 749 230 788 et
246 742 291 788 suia
302 741 392 794 viribus,
411 750 433 788 et
448 742 509 801 quod
521 741 671 788 Hannibalem
685 746 795 790 rectorem

119 807 207 854 militiae
224 807 321 859 haberet,
344 806 405 852 viaur
420 806 501 852 fuerat.
541 805 606 852 Nihil
621 815 696 852 umen
712 814 752 853 aut
767 807 796 856 do

119 872 214 921 oonruie
224 871 334 918 mittendo
345 871 368 916 in
380 872 459 918 Asiam
467 871 607 925 mutandum,
616 877 656 917 eut
664 871 796 920 minuendae

104 931 263 1049 'objeprlppppiaa
281 942 432 994 cenauerunt3
449 943 519 989 metu,
537 951 567 982 ne
580 951 632 982 cum
649 935 722 988 Gnlh's
736 936 795 985 toret

209 1017 255 1046 um.

153 1064 211 1113 LII.
226 1064 297 1112 Haud
304 1067 376 1114 multo
386 1073 439 1127 post
450 1066 486 1114 Μ.
497 1065 605 1113 Aurelius
616 1063 693 1118 Cotto,
704 1065 795 1128 logotm

117 1130 149 1178 L.
163 1131 281 1193 Scipionis,
292 1147 343 1178 cum
356 1131 462 1178 Antiochi
475 1131 535 1192 regia
544 1131 632 1192 legatia,
644 1139 667 1178 et
677 1130 795 1180 Eumene·

116 1211 166 1250 rex,
184 1195 320 1256 Rhodiique,
337 1196 435 1242 Romam
446 1204 563 1242 venerunt.
600 1194 669 1244 Cotta
679 1197 703 1242 in
714 1205 794 1244 aenatu

117 1262 228 1323 primurn,
241 1261 320 1308 deinde
331 1262 354 1306 in
369 1262 478 1310 concione
483 1262 549 1322 jurau
561 1259 662 1314 Patrum,
680 1277 731 1321 quae
743 1269 794 1309 acta

116 1327 141 1372 in
153 1323 211 1374 Arii
221 1333 304 1380 carent,
316 1327 426 1388 exposuit.
455 1325 592 1387 supplicatio
599 1324 652 1370 inde
659 1325 682 1370 in
693 1325 792 1372 triduum

116 1391 208 1448 decreta
218 1399 260 1443 eut,
278 1398 301 1437 et
316 1391 463 1452 quadraginta
477 1392 572 1452 majores
587 1389 667 1435 hostiae
682 1389 793 1440 immolari

111 1457 194 1520 juaroe.
228 1455 290 1503 Tum
302 1457 401 1503 omnium
412 1457 509 1518 primum
518 1454 617 1501 Eumeni
626 1464 716 1503 renatus
727 1455 792 1508 datus

115 1530 158 1569 est.
196 1521 221 1568 Is
241 1536 292 1567 cum
311 1522 408 1569 breviter
426 1529 449 1567 et
470 1521 555 1582 egiaaet
575 1521 659 1583 gratior
678 1520 790 1577 Patribus,

116 1594 133 1618 “
145 1587 206 1649 quod
221 1586 336 1633 obsidione
347 1602 371 1632 se
382 1602 407 1633 ac
417 1585 510 1633 fratrem
522 1586 666 1639 exniaaent,
684 1602 792 1649 regnum.

114 1668 160 1715 que
171 1653 199 1699 ab
209 1652 295 1714 injuriis
307 1651 414 1698 Antiochi
425 1649 609 1697 vindichaaent:”
626 1661 650 1698 et
664 1652 791 1713 gratulatur

113 1724 182 1771 earet,
202 1718 291 1777 “quod
304 1717 360 1763 mori
371 1713 474 1775 ternique
483 1732 589 1777 prospere
603 1732 639 1763 rea
652 1718 791 1778 geaaiaaeat3

113 1784 220 1846 quodque
239 1796 316 1843 regem
336 1780 483 1832 Antiochum,
506 1780 583 1827 fusum
600 1779 749 1842 fugatumque
767 1791 791 1827 et

113 1856 209 1897 exutum
225 1847 310 1900 cestris,
328 1846 389 1907 priua
400 1842 500 1905 Europi,
517 1852 569 1907 post
583 1852 607 1890 et
621 1843 678 1891 nsit
691 1860 744 1904 quae
758 1846 791 1891 cia

113 1914 217 1961 Taurum
229 1918 332 1957 montem
342 1918 383 1963 est,
401 1910 555 1971 expuhaaent3
572 1924 613 1955 aua
622 1909 702 1959 deinde
711 1910 791 1957 merita

113 1979 182 2027 malle
196 1992 235 2025 eos
250 1991 280 2023 ex
296 1975 465 2038 imperatoribus
480 1974 527 2019 artis
537 1974 669 2035 legetiaque,
686 1989 754 2035 quam
765 1990 791 2022 ae

113 2048 313 2096 commemorante,
337 2036 501 2102 cognoscere,”
524 2038 586 2085 dixit.
626 2037 688 2086 Haec
709 2055 791 2101 appro-

112 2110 216 2157 bantibus
228 2108 321 2159 cunctis,
335 2105 509 2169 jubentibusque
522 2103 596 2150 dicere
609 2104 689 2166 ipsum,
706 2100 790 2151 omiard

111 2174 175 2232 inid
193 2169 334 2223 verecundii,
351 2170 404 2232 quid
421 2169 462 2215 sihi
476 2184 491 2215 a
505 2176 583 2216 senatu
597 2168 724 2231 populoque
738 2167 790 2215 Ro·

111 2254 182 2287 mano
197 2237 263 2284 tribui
278 2252 367 2297 aequum
382 2241 496 2282 censeret:
517 2241 533 2264 ‘⁶
544 2234 675 2296 propensius
689 2233 790 2281 cumula-

111 2307 210 2365 uosque,
223 2303 241 2349 oi
253 2317 298 2363 quo
308 2301 386 2363 posuit,
398 2306 465 2363 prout
473 2300 521 2361 ejus
531 2300 611 2345 merito
621 2299 673 2351 sint,
685 2304 789 2345 aenehrm

110 2366 257 2427 secturum;”
275 2366 304 2413 ad
314 2382 340 2413 ea
351 2380 403 2413 rex:
425 2372 441 2393 “
453 2364 478 2411 Si
488 2366 516 2410 ah
526 2364 575 2411 aliis
589 2364 630 2409 sibi
644 2362 789 2423 premiorum

112 2434 176 2497 optio
193 2431 322 2484 deferretur,
339 2431 441 2482 lihenter,
458 2427 510 2475 dati
525 2427 593 2473 modo
611 2426 717 2473 facultate
733 2442 789 2473 con·

111 2497 201 2547 sulendi
216 2503 319 2543 senatum
336 2494 474 2547 Romanum,
492 2492 586 2539 concilio
602 2490 733 2551 ampliatimi
750 2506 790 2545 οτι,

110 2564 172 2611 dinis
186 2576 280 2608 usurum
289 2559 366 2613 frisac,
384 2574 412 2605 ne
423 2558 476 2618 quid
486 2564 526 2604 aut
535 2554 681 2602 immoderate
691 2554 787 2616 cupiere,

109 2636 151 2680 ant
161 2626 331 2689 petiraeparum
339 2624 440 2671 modeste
447 2622 518 2669 videri
525 2626 616 2682 posset:
628 2620 788 2685 verumenim-

109 2708 174 2747 vero,
184 2705 239 2747 cum
244 2689 287 2753 ipsi
297 2688 369 2748 daturi
380 2688 438 2743 rint,
445 2686 517 2735 multo
527 2684 601 2748 mugio
611 2683 786 2751 munificentiam
