1867 2925
202 147 233 198 τ.
248 147 337 196 u1v11
352 131 408 196 nn‘,
423 145 710 198 xxxv1n.cn.12
745 151 795 200 soc

123 279 271 333 mansissent,
279 276 424 342 insitdgentis
430 275 800 340 tranquillitatequiosseeoffsio-

122 346 180 390 bats
201 351 339 405 “postquam
349 343 404 391 flare
414 346 442 390 ab
453 343 509 391 Asici
518 344 596 390 Thoas
606 351 630 390 ct
640 342 797 401 Dicaearchus,

123 411 157 455 ab
172 407 264 470 Europd
277 408 395 456 Menestas
405 417 428 455 et
440 407 586 458 Damocritus
597 409 732 468 coepissent3
747 417 799 458 tum

122 473 190 520 illam
196 480 353 534 tempestatem
364 481 472 528 coortam,
488 490 539 534 quae
552 473 582 520 nd
596 473 735 520 Antiochum
748 489 799 530 eos,

124 538 194 583 sicuti
205 539 228 584 in
238 540 363 600 scopulum,
375 538 513 602 intulisset.”

125 623 129 630 ·
163 601 208 648 XI.
218 603 350 665 Diujactati
360 603 439 658 AEtoli,
451 605 549 656 tandem,
559 611 584 649 ut
591 603 731 652 conditiones
737 603 800 664 pacis

121 668 281 720 convenirent,
294 667 422 714 effecerunt.
458 668 561 716 Fuerunt
572 675 646 714 sutem
657 669 706 714 hae:
727 667 800 717 “Im-

126 732 213 793 perium
222 734 404 794 majestatemque
412 735 488 796 populi
496 733 595 780 Romani
602 741 660 794 gens
668 732 799 782 AEtolorum

122 805 262 842 ,conservato
273 798 321 844 sine
332 798 383 844 dolo
393 799 460 845 malo.
491 798 530 844 Ne
540 813 607 858 quem
618 799 748 851 exercitum,
761 797 800 858 qui

121 861 236 908 adversus
251 863 323 908 socios
338 863 465 923 amicosque
479 878 557 909 eorum
573 863 672 915 ducetur,
690 862 800 924 perfines

129 939 183 971 suos
199 927 293 972 transire
307 928 388 984 sinito;
408 944 465 975 neve
480 926 526 974 ulli
536 943 578 988 ope
587 929 675 988 juvato.
711 926 800 976 Hostes

124 985 220 1036 eosdem
231 993 317 1044 habeto,
334 1008 390 1053 quos
404 993 500 1054 populus
510 992 643 1048 Romanus;
659 1007 766 1051 meque
775 993 800 1040 ia

127 1070 169 1100 ens
178 1053 244 1108 ferto,
260 1057 386 1117 bellumque
396 1059 478 1118 paxiter
490 1058 570 1118 genito.
606 1056 724 1118 Perlugas,
737 1056 801 1119 iugi-

126 1120 195 1171 tivos,
213 1121 357 1182 captivosque
372 1122 457 1168 reddito
472 1121 582 1168 Romanis
598 1122 719 1182 sociisque3
740 1137 800 1183 prae·

126 1191 230 1244 terquam
247 1185 319 1246 siqui
336 1187 400 1247 capti,
418 1203 470 1232 cum
486 1187 565 1233 domos
581 1184 697 1239 redissent,
717 1187 800 1236 iterum

126 1249 188 1316 capti
204 1256 269 1306 sunt;
289 1259 328 1298 aut
343 1252 361 1296 si
376 1252 413 1311 qui
429 1267 456 1297 eo
471 1259 571 1312 tempore
585 1266 616 1296 ex
628 1252 656 1297 iis
669 1253 727 1312 capti
737 1260 798 1305 sunt,

127 1314 168 1372 qui
187 1321 235 1360 tum
254 1315 330 1362 hostes
349 1323 412 1362 erant
433 1315 551 1367 Romanis,
574 1331 626 1361 cum
645 1316 703 1362 intra
720 1317 800 1377 praesi-

127 1378 166 1423 dia
181 1377 286 1426 Romana
303 1379 376 1426 AEtoll
391 1389 472 1426 essent.
509 1381 613 1426 Aliorum
629 1381 667 1440 qui
684 1395 800 1441 compare-

127 1444 192 1497 bum',
210 1443 268 1490 intra
283 1445 329 1491 dies
344 1453 433 1492 centum
446 1443 619 1506 Corcyraeorum
633 1441 800 1507 magistrstibus

128 1509 179 1555 sine
199 1508 252 1555 dolo
273 1510 332 1556 malo
353 1512 482 1557 tradantur:
510 1512 549 1571 qui
568 1525 614 1557 non
631 1511 798 1572 comparebunt,

126 1573 218 1632 quando
232 1575 325 1634 quisquc
340 1590 417 1621 eorum
430 1575 526 1636 primum
540 1577 645 1622 inventus
659 1576 733 1629 fucrit,
749 1576 801 1623 red·

127 1638 217 1683 dantuir.
250 1638 344 1685 Obsides
359 1640 506 1701 quadraginta
520 1641 625 1687 arbitratu
640 1642 739 1689 consulis
748 1640 800 1689 Ro-

126 1700 260 1755 munidato,
277 1718 306 1750 ne
319 1704 416 1750 minores
431 1705 548 1751 duodecim
563 1720 680 1759 annorum,
696 1721 741 1752 neu
749 1718 800 1753 ma-

120 1769 188 1829 jores
198 1768 350 1829 quadraginta.
386 1769 459 1817 Obses
470 1785 499 1815 ne
511 1777 560 1815 esto
575 1779 665 1832 praetor,
679 1770 801 1831 prefectus

120 1832 236 1892 equitum,
257 1834 327 1879 scriba
342 1834 455 1895 publicus3
480 1850 524 1880 neu
540 1835 596 1895 quis,
613 1836 651 1895 qui
667 1842 720 1880 ante
735 1836 801 1881 obses

125 1896 196 1943 fuerit
206 1899 264 1958 apud
275 1896 399 1945 Romanos·
436 1897 579 1960 Cephallenia
593 1906 658 1945 extra
666 1898 727 1959 pacis
737 1898 801 1961 leges

126 1960 204 2008 esto.”
238 1962 278 2007 De
291 1964 391 2023 pecunise
405 1962 500 2017 summi,
517 1978 583 2023 quam
598 1964 727 2025 penderent,
744 1978 801 2025 pen-

127 2026 270 2087 sionibusque
280 2030 334 2089 ejus,
352 2029 405 2074 nihil
417 2043 447 2074 cx
458 2044 493 2082 eo,
509 2028 569 2088 quod
580 2044 631 2074 cum
642 2028 735 2075 consula
745 2042 801 2075 con-

72 2098 77 2103 ·
104 2134 109 2145 ,
126 2098 228 2144 venerat,
244 2099 361 2139 mutatum.
397 2092 444 2140 Pro
456 2100 551 2163 argento
563 2094 581 2139 si
591 2108 669 2140 aurum
681 2093 734 2139 dore
743 2094 800 2140 mal-
900 2109 908 2125 ··

126 2155 185 2207 lent,
207 2155 291 2210 darent,
315 2158 435 2215 convenit;
460 2158 513 2203 dum
531 2174 573 2219 pro
590 2158 704 2219 mgenteis
721 2158 800 2204 decem

127 2234 210 2268 aureus
228 2236 287 2267 unus
304 2223 393 2268 valeret.
430 2229 445 2251 “
458 2221 519 2275 Quae
537 2224 609 2276 urbes,
629 2223 667 2282 qui
686 2222 742 2283 agri,
762 2223 801 2283 qui

127 2284 232 2331 homines
238 2284 367 2333 AEtolorum
374 2287 432 2349 juris
440 2288 558 2347 aliquando
564 2287 662 2341 fuerunt,
675 2287 713 2347 qui
721 2299 800 2333 eorum

127 2348 158 2397 T.
170 2348 272 2403 Quintio,
288 2349 332 2399 Cn.
342 2350 446 2399 Domitio
457 2352 592 2406 consulibus,
604 2360 684 2413 postve
694 2366 734 2397 eos
744 2367 801 2399 con-

128 2413 197 2467 sules,
214 2421 253 2460 aut
268 2417 335 2461 armis
350 2416 441 2469 subacti,
457 2424 498 2464 ,sut
513 2418 635 2470 voluntate,
652 2417 676 2461 in
692 2416 800 2468 ditionem

127 2478 205 2538 populi
216 2478 314 2527 Romani
325 2488 441 2534 venerunt,
454 2496 559 2542 nequem
569 2494 648 2529 comm
655 2481 730 2528 AEtoli
737 2497 800 2530 rece·

118 2542 270 2603 pisssvelint.
292 2544 403 2599 OEntsdae,
413 2561 465 2592 cum
473 2548 528 2594 urbe
533 2546 644 2608 agrisque,
655 2546 799 2599 summum

117 2606 224 2653 sunto-’²
259 2607 305 2655 His
314 2610 400 2670 legibus
408 2610 485 2657 loedus
494 2611 564 2657 ictum
575 2626 627 2657 cum
636 2609 723 2657 AEtolls
732 2618 776 2657 est.

87 2676 124 2713 ·.
163 2668 224 2723 XII.
242 2670 706 2731 Eidunnoaaestatemlumsedetiam
720 2676 805 2729 isdem

847 2749 917 2837 Δ
