1867 2925
195 138 228 188 Τ.
242 135 330 188 LlV'ss
345 136 399 187 Lar.
412 133 779 191 interimeremur
846 209 849 213 7

105 273 183 320 minos
202 271 260 318 orbia
281 277 388 318 terrarum
407 269 473 318 fecit!
500 269 612 318 Ponitia
600 286 651 334 pam
670 271 779 320 advertar

106 351 188 383 omnea
196 337 298 387 mortales
309 336 481 388 certaminibua,.
484 336 544 384 baud
555 352 619 383 aecua
627 352 695 397 quam
703 337 778 394 Deua.

105 402 225 448 consulere
243 409 264 447 et
279 417 370 462 parcere
388 416 429 446 vos
448 402 525 462 generi
544 402 643 448 humano
662 400 779 464 oportet.”

106 463 163 514 Jam
178 474 228 514 ante
241 481 306 526 quam
318 467 388 528 legati
398 467 509 519 venirent
527 466 641 514 decretam
652 475 762 528 eratqur
755 468 778 514 'd

106 531 288 593 responderetur.
304 531 439 592 respondere
450 531 582 578 Africanum
593 532 683 593 placuit.
717 529 759 578 Ia'
754 547 778 578 ιιι

104 597 165 644 buno
180 595 272 642 modum
286 596 377 642 loeutus
387 595 498 642 fertur:
501 595 615 643 ‘Romani
630 610 659 643 ex
673 598 707 651 iia,
725 611 778 656 qute

103 662 133 710 ιιι
142 659 222 708 Dedm
237 661 396 706 immortalium
411 667 522 737 potestate
538 669 609 715 erant,
627 677 654 708 ea
670 661 777 711 habemur

103 741 155 787 qure
166 724 209 774 Dii
221 723 336 772 dederunt.
363 725 466 777 Animos,
478 726 517 800 qui
528 734 612 772 nostrae
623 727 705 773 mentia
716 734 776 780 aunt,

102 791 216 838 eosdem'
210 806 233 836 m
249 791 310 836 omni
324 783 414 836 fortuni
424 790 543 852 geaaimua,
560 791 717 853 gerimuaque:
736 806 778 838 ne·

103 871 197 920 queens
208 856 313 903 secundae
324 871 360 901 rea
374 855 509 908 extulerunt,
527 871 568 902 aee
579 857 679 904 adversae
689 858 777 904 minue-

102 927 163 968 runt.
199 919 258 982 Ejus
273 921 312 973 rei,
330 929 355 966 ut
367 920 423 966 alroa
434 921 543 974 omittam
562 920 713 968 Hannibalem
724 938 776 969 vaa-

102 993 163 1046 trum
174 937 238 1032 ιοιιιι
249 985 324 1032 darem
335 993 423 1034 testem,
436 986 480 1032 nisi
490 1002 531 1032 voa
542 987 602 1048 ipaoa
613 987 665 1033 dare
675 992 772 1048 posaean.

103 1039 229 1112 Poatquam
247 1049 419 1112 Hellerpontum
434 1051 568 1113 trajecimus,
586 1052 714 1114 priuaquam
725 1067 775 1099 caa-

101 1123 136 1164 ιιι
155 1117 233 1178 regia,
250 1115 377 1191 priusquam
396 1116 466 1162 aciem
485 1116 618 1171 videremus,
641 1131 692 1164 cum
712 1133 775 1164 eom-

94 1177 176 1228 ¹munis
191 1179 258 1226 Mara
274 1187 297 1228 et
310 1181 408 1228 incertus
422 1180 475 1227 belli
489 1191 584 1228 eventus
594 1190 661 1236 esset,
679 1183 707 1230 de
720 1199 777 1246 paee

102 1247 165 1293 vobis
179 1239 317 1306 agentibus
323 1261 378 1306 quas
394 1261 459 1321 parea
476 1247 564 1308 paribua
579 1246 705 1295 ferebamur
719 1264 774 1295 corr·

101 1311 203 1363 ditiones,
217 1311 305 1357 easdem
314 1325 374 1356 nunc
382 1311 478 1357 victores
489 1311 661 1358 ιιιιιιιειιιιιιιι.
680 1311 775 1374 Europa

101 1377 223 1431 abstinete3
241 1373 341 1435 Asidque
358 1376 426 1428 omni,
444 1391 495 1452 quae
512 1391 545 1422 cra
555 1375 657 1422 Taurum
673 1385 774 1424 montem

101 1449 142 1496 eat,
160 1410 268 1488 decedite.
304 1439 370 1487 Pm'
364 1442 471 1503 rmpeuaia
483 1441 578 1488 deiude'
572 1455 596 1487 ιιι
606 1438 689 1488 bellum
699 1440 772 1497 sautia,

99 1506 234 1569 quindecim,
238 1506 307 1553 millia
316 1506 425 1555 talentum
436 1506 591 1553 Euboicorum
602 1506 693 1553 dabitis:
707 1508 774 1569 quin-

100 1578 169 1635 genta
185 1572 318 1632 praeaentia;
336 1572 380 1618 duo
397 1571 465 1617 millia
479 1579 503 1619 et
519 1572 649 1633 quingenta,
667 1588 719 1619 oum
737 1588 774 1621 ae-
864 1563 868 1573 ’

99 1644 165 1684 natue
180 1636 321 1699 populusque
336 1634 454 1683 Romanus
468 1652 546 1698 paoem
564 1637 773 1699 comprobaverint,

99 1695 169 1749 millia
179 1702 260 1755 deinde
270 1701 378 1749 talentdm
389 1717 429 1764 per
439 1702 556 1748 duodecim
567 1717 645 1748 aanor.
672 1702 773 1751 Eumeni

98 1782 194 1829 qunque,
203 1766 264 1813 reddi
280 1767 441 1829 quadringenta
455 1767 544 1819 talenta,
562 1774 586 1813 et
595 1767 656 1827 quod
665 1766 773 1818 frumeuti

98 1833 208 1893 reliquum
220 1846 249 1877 ex
261 1847 288 1878 eo
299 1832 359 1891 quad
369 1831 427 1893 patri
437 1832 534 1877 debitum
545 1839 587 1884 eat,
599 1832 679 1893 placet.
710 1831 773 1879 Haeo

98 1913 150 1943 oum
163 1896 322 1959 pepigerimus.
340 1895 437 1943 facturos
453 1912 494 1942 voa
511 1904 537 1942 ut
553 1911 595 1957 pro
612 1904 674 1943 certo
690 1897 772 1944 babea-

97 1978 155 2017 mus,
174 1962 217 2008 en't
232 1962 320 2023 quidem
335 1961 424 2022 aliquod
441 1962 530 2023 pignus,
549 1962 568 2007 si
585 1961 672 2007 obsides
689 1961 772 2025 viginti

94 2035 174 2075 nostro
189 2028 296 2074 arbitratu
313 2026 404 2073 dabitis:
425 2026 464 2072 aed
481 2040 596 2086 nunquam
611 2026 665 2072 aetia
679 2027 772 2088 liquebit

95 2092 168 2151 nabla,
187 2092 216 2139 ibi
227 2107 303 2153 pacem
318 2108 367 2139 esse
381 2093 463 2153 populo
476 2090 588 2145 Romano,
607 2092 643 2137 ubi
654 2090 772 2139 Hannibal

95 2158 153 2205 erit:
173 2172 225 2204 eum
240 2166 291 2204 ante
306 2158 381 2204 omnia
391 2156 539 2218 deposcimus.
573 2154 702 2204 ‘I'lroantem
712 2172 771 2218 quo-

95 2238 142 2285 que
152 2222 264 2276 AEtolum
277 2223 412 2270 concitorem
422 2221 516 2268 AEtolici
526 2222 585 2275 betti,
597 2223 635 2283 qui
646 2231 669 2269 et
678 2224 769 2270 illorum

95 2286 178 2335 fidunt
188 2304 236 2340 vos,
249 2296 271 2333 et
283 2286 357 2335 ιειιιι
368 2288 418 2335 illos
428 2288 451 2333 ιιι
464 2302 505 2333 noa
516 2288 617 2341 armarit,
635 2288 727 2340 dedetis,
744 2294 769 2335 et

95 2368 149 2401 eum
168 2369 196 2399 eo
215 2352 395 2399 Mnaaimachum
415 2354 542 2406 Acarnana,
566 2360 590 2398 et
609 2351 770 2429 Chqlcideuaea

96 2416 216 2465 Philonem
234 2426 257 2464 et
274 2418 415 2465 Eubulidam.
452 2416 480 2463 ιιι
497 2417 606 2482 deteriore
622 2415 664 2463 auri
678 2415 770 2465 sonunt

94 2498 178 2559 pacem
189 2481 254 2529 faciet
270 2498 316 2536 rex,
335 2483 386 2543 quia
400 2483 471 2528 aerius
485 2482 545 2534 facit,
563 2478 629 2541 quam
642 2479 769 2558 facerepo-

93 2546 145 2595 tuit.
183 2547 207 2593 si
224 2562 284 2593 nunc
300 2555 400 2593 moratus
416 2546 491 2599 fuerit,
509 2546 571 2598 aciat,
590 2556 670 2606 regum
686 2548 768 2608 majes-

92 2619 164 2659 tatem
183 2611 294 2660 dilliciliua
313 2612 340 2657 ab
356 2626 444 2657 summo
460 2610 552 2683 fastigio
569 2606 597 2654 ad
612 2609 710 2655 medium
728 2612 768 2656 da-

90 2676 158 2731 trabi,
177 2688 244 2735 quam
256 2692 269 2722 a
280 2676 358 2723 mediis
369 2676 412 2722 ad'
407 2688 452 2723 rma
462 2670 622 2737 precipitari?
656 2672 717 2723 Cum
732 2676 769 2719 bis

124 2754 183 2787 voa.
191 2752 224 2787 ar
