1867 2925
151 143 196 188 ms
244 137 376 186 T-.L1V11
393 137 446 185 lita.
461 135 584 184 mlv.
604 135 665 185 Cea.
679 136 725 195 41,

149 283 239 316 monem
249 283 305 322 esse,
318 269 385 314 erecti
396 274 419 314 et
429 268 479 330 ipsi,
492 268 558 314 simul
568 281 596 313 eo
605 267 667 326 quod
677 265 822 327 Pyuagom

149 347 200 382 mm
214 342 277 396 parte
290 332 425 380 suidasimt
440 333 537 394 praesidii
554 339 687 384 excesserat,
704 328 822 378 contemti

148 400 259 464 paucitate
278 415 355 446 eorum
374 399 411 460 qui
430 399 454 444 in
470 413 521 444 aree
539 404 609 451 erent,
630 397 686 442 duce
703 396 822 456 Archippo

149 464 253 526 quodam,
274 465 401 526 praesidium
417 465 560 524 ,expulemne
596 461 746 507 Timocratem
767 459 823 506 Pel-

148 531 270 582 lebentem,
288 529 339 590 quie
350 529 471 574 clementer
481 527 606 589 praeducem
623 527 700 572 vivum
711 525 756 571 lide
768 523 823 570 datd

59 595 62 600 ’
148 595 277 642 eniserunt
313 593 375 640 Huic
390 593 476 639 laetitiae
492 593 599 646 Quintius
614 591 748 652 supervenit,
765 603 823 650 pace

149 658 201 706 test
217 667 320 720 tyranno,
338 659 478 717 dimissisque
494 659 522 704 ab
538 656 701 702 Lacedaemone
716 655 824 700 Eumene

150 731 174 772 at
184 725 313 770 Rhodiiset
325 722 353 768 L.
366 721 540 776 Quintiofmtre
550 722 578 767 ad
588 722 688 766 classem.

182 787 251 834 XLI.
268 787 335 833 Laeta
343 789 420 833 civitas
429 787 595 833 celeberrimum
604 785 714 832 festomm
724 784 820 836 dierum,

150 867 176 900 sc
186 853 259 898 nobile
269 851 378 898 lurbcrum
390 851 536 905 Nemeorum,
549 851 585 896 die
596 848 661 902 stati,
671 856 762 910 propter
769 849 823 894 belli

150 918 209 964 mals
222 919 412 979 praetenuissum,
422 917 445 962 in
460 917 580 963 adventum
595 914 695 965 Romani
709 914 822 959 exercitus

150 982 257 1042 ducisque
270 981 405 1034 indixerunt,
421 981 614 1042 praeiecenmtque
627 979 685 1025 ludis
695 979 768 1040 ipsum
777 978 824 1024 im-

149 1054 280 1110 peratorem.
316 1045 392 1092 Multa
402 1053 473 1098 erant,
485 1060 536 1106 quae
546 1045 652 1106 gaudium
663 1043 818 1089 cumularent:

151 1112 235 1158 seducti
250 1111 310 1156 cives
324 1112 351 1156 ab
362 1109 527 1156 Lacedaemone
536 1117 606 1162 erant,
623 1123 681 1169 quos
691 1123 762 1168 nuper
773 1107 823 1168 Py·

150 1177 262 1237 tbegores,
280 1189 380 1236 quosque
390 1183 442 1222 ante
453 1175 524 1221 Nabis
534 1165 683 1220 ibduxemnt:
703 1173 822 1226 redieram,

149 1241 198 1302 qui,
211 1248 262 1302 post
276 1248 411 1302 compertam
423 1255 436 1284 a
448 1238 578 1301 Pythagorei
595 1238 779 1300 conjurationem,
798 1243 823 1284 et

151 1306 212 1353 caede
226 1307 275 1368 jem
293 1303 375 1366 coeptd,
398 1303 536 1366 effligerant:
560 1305 683 1350 libertatem
702 1302 823 1365 emlongo

149 1371 275 1424 interuallo,
299 1371 450 1430 libertatisque
468 1376 571 1415 auctores
592 1369 717 1419 Romanos,
741 1367 823 1426 quibus

151 1449 218 1484 enses
231 1435 325 1483 bellandi
340 1450 391 1482 cum
406 1443 501 1495 tyranno
514 1434 556 1496 ipsi
566 1434 667 1486 fuissent,
684 1433 822 1479 cemebuntz

150 1508 231 1549 testata
250 1516 338 1562 quoque
356 1501 405 1561 ipso
424 1500 564 1546 Nemeorum
583 1500 618 1545 die
636 1514 693 1545 voce
710 1498 824 1559 praecords

149 1566 239 1616 libertas
257 1573 292 1611 est
309 1566 453 1626 Argivorum.
476 1565 582 1616 ¹Achaeis
597 1571 711 1624 quantum·
726 1562 824 1611 restituti

150 1630 211 1690 Argi
224 1630 248 1674 in
263 1644 383 1675 commune
398 1630 493 1676 Achaiae
508 1630 626 1675 concilium
642 1629 728 1675 laetitisa
742 1626 833 1672 affere'

150 1696 219 1751 bent;
239 1700 327 1741 tantum
347 1708 411 1741 serve
430 1692 580 1740 Le'cedaemon
599 1692 763 1746 redemisset
782 1692 824 1738 sd-

149 1759 238 1807 herem
257 1760 353 1818 tyranni,
377 1773 423 1804 non
445 1758 555 1805 sincerum
575 1759 681 1821 gaudium
699 1756 822 1818 praebebat.

149 1823 224 1871 AEtoli
244 1838 299 1870 vero
320 1838 369 1869 eam
391 1838 438 1869 rem
461 1824 563 1869 omnibus
585 1824 684 1869 conciliis
706 1823 820 1868 lacerare:

151 1895 168 1921 ⁴⁴
178 1886 238 1937 Cum
251 1886 354 1949 Philippo
369 1904 414 1934 non
425 1896 478 1935 ante
487 1888 583 1935 desitum
593 1889 675 1940 bellari,
693 1900 761 1947 quarn
772 1902 825 1932 om·

149 1953 215 1999 nibus
230 1954 348 1999 excederet
359 1953 456 2001 Graeciae
471 1953 566 1999 urbibus.
602 1952 711 2012 Tyranno
722 1953 824 1999 relictam

149 2015 351 2065 Lacedaemonem:
372 2022 447 2080 regem
458 2025 533 2064 autem
543 2017 676 2079 legitimum,
688 2018 726 2077 qui
737 2018 761 2061 ln
772 2017 825 2063 Ro·

149 2083 222 2145 menis
232 2081 305 2128 fuerat
315 2084 399 2135 caetris,
412 2090 549 2143 ceterosque
559 2083 708 2129 nobilissimos
718 2082 787 2135 cives,
800 2083 825 2127 in

109 2196 113 2215 ‚
149 2146 228 2193 exsilio
240 2148 345 2193 victuros.
365 2146 458 2193 Nabidis
466 2148 601 2194 dominantis
610 2148 726 2193 satellitem
736 2146 824 2193 factum

148 2212 257 2274 populum
272 2212 428 2258 Romanum.’'
463 2212 570 2266 Quintius
584 2214 612 2258 ab
628 2212 699 2273 Argis
714 2211 822 2266 Elatiam,

148 2276 209 2323 unde
224 2277 251 2325 ad
261 2277 343 2323 bellum
356 2278 489 2339 Spartanum
503 2277 617 2340 proiectus
626 2285 681 2330 eret,
699 2277 775 2337 copies
786 2291 824 2322 re-

148 2341 221 2389 duxit
257 2343 322 2396 Sunt,
340 2343 378 2402 qui
393 2358 438 2388 non
452 2356 482 2388 ex
497 2343 578 2404 oppido
588 2342 765 2403 proticiscentem
775 2342 823 2387 bel·

146 2404 308 2469 lum'gessisse
321 2415 441 2469 tyrannum
456 2408 551 2461 tradant,
569 2408 608 2453 sed
622 2406 700 2453 castris
714 2406 823 2454 adversus

149 2469 255 2519 Romana
265 2480 336 2519 castra
347 2473 424 2533 positia
430 2488 438 2528 ς
450 2472 533 2533 diuque
540 2479 678 2524 cunctatum,
691 2486 743 2519 cum
751 2470 823 2517 AEto-

148 2534 223 2581 losum
242 2538 324 2583 auxilia
341 2534 498 2598 exspecttsset,
523 2544 626 2583 coactum
645 2538 673 2583 ad
694 2542 823 2583 extremum

147 2598 197 2651 en'e
212 2600 341 2665 confligere,
358 2603 442 2667 impetu
460 2602 485 2648 in
500 2603 640 2666 pabulatores
657 2614 711 2650 suos
726 2602 754 2648 ab
771 2600 823 2647 no.
