<?xml version="1.0" encoding="UTF-8"?>
<!DOCTYPE html PUBLIC "-//W3C//DTD XHTML 1.0 Transitional//EN"
    "http://www.w3.org/TR/xhtml1/DTD/xhtml1-transitional.dtd">
<html xmlns="http://www.w3.org/1999/xhtml" xml:lang="en" lang="en">
 <head>
  <title>
</title>
<meta http-equiv="Content-Type" content="text/html;charset=utf-8" />
  <meta name='ocr-system' content='tesseract 3.04.00' />
  <meta name='ocr-capabilities' content='ocr_page ocr_carea ocr_par ocr_line ocrx_word'/>
</head>
<body>
  <div class='ocr_page' id='page_1' title='image "./tliviipatavinih04caregoog_0287.png"; bbox 0 0 1867 2925; ppageno 0'>
   <div class='ocr_carea' id='block_1_1' title="bbox 196 138 768 205">
    <p class='ocr_par' dir='ltr' id='par_1_1' title="bbox 196 138 768 205">
     <span class='ocr_line' id='line_1_1' title="bbox 196 138 768 205; baseline 0.007 -4"><span class='ocrx_word' id='word_1_1' title='bbox 196 138 327 201; x_wconf 80' lang='lat' dir='ltr'><strong>n&#39;nrvn</strong></span> <span class='ocrx_word' id='word_1_2' title='bbox 341 152 393 201; x_wconf 65' lang='lat' dir='ltr'><strong>aa</strong></span> <span class='ocrx_word' id='word_1_3' title='bbox 407 152 532 202; x_wconf 78' lang='lat' dir='ltr'>xxxvl.</span> <span class='ocrx_word' id='word_1_4' title='bbox 553 152 612 204; x_wconf 66' lang='lat' dir='ltr'><strong>cn.</strong></span> <span class='ocrx_word' id='word_1_5' title='bbox 624 158 663 203; x_wconf 81' lang='lat' dir='ltr'><strong>ss.</strong></span> <span class='ocrx_word' id='word_1_6' title='bbox 719 158 768 205; x_wconf 79' lang='lat'><strong>279</strong></span> 
     </span>
    </p>
   </div>
   <div class='ocr_carea' id='block_1_2' title="bbox 85 282 820 2731">
    <p class='ocr_par' dir='ltr' id='par_1_2' title="bbox 90 282 820 1620">
     <span class='ocr_line' id='line_1_2' title="bbox 97 282 820 349; baseline 0.003 -18"><span class='ocrx_word' id='word_1_7' title='bbox 97 282 190 331; x_wconf 77' lang='lat' dir='ltr'><strong>nhase”</strong></span> <span class='ocrx_word' id='word_1_8' title='bbox 223 282 355 345; x_wconf 79' lang='lat' dir='ltr'><strong>Diophanes</strong></span> <span class='ocrx_word' id='word_1_9' title='bbox 369 285 476 331; x_wconf 83' lang='lat' dir='ltr'><strong>adversus</strong></span> <span class='ocrx_word' id='word_1_10' title='bbox 490 286 539 332; x_wconf 84' lang='lat' dir='ltr'><strong>haec</strong></span> <span class='ocrx_word' id='word_1_11' title='bbox 549 300 645 349; x_wconf 82' lang='lat' dir='ltr'><strong>purgare</strong></span> <span class='ocrx_word' id='word_1_12' title='bbox 655 286 766 333; x_wconf 87' lang='lat' dir='ltr'><strong>interdum</strong></span> <span class='ocrx_word' id='word_1_13' title='bbox 818 288 820 295; x_wconf 92' lang='lat'>&#39;</span> 
     </span>
     <span class='ocr_line' id='line_1_3' title="bbox 97 348 765 412; baseline 0.006 -18"><span class='ocrx_word' id='word_1_14' title='bbox 97 364 148 395; x_wconf 83' lang='lat' dir='ltr'><strong>sese</strong></span> <span class='ocrx_word' id='word_1_15' title='bbox 166 354 316 410; x_wconf 78' lang='lat' dir='ltr'><strong>gentemque3</strong></span> <span class='ocrx_word' id='word_1_16' title='bbox 339 349 451 395; x_wconf 85' lang='lat' dir='ltr'><strong>interdum</strong></span> <span class='ocrx_word' id='word_1_17' title='bbox 471 349 499 396; x_wconf 87' lang='lat' dir='ltr'><strong>de</strong></span> <span class='ocrx_word' id='word_1_18' title='bbox 512 350 564 412; x_wconf 85' lang='lat' dir='ltr'><strong>jure</strong></span> <span class='ocrx_word' id='word_1_19' title='bbox 582 348 634 397; x_wconf 83' lang='lat' dir='ltr'><strong>facti</strong></span> <span class='ocrx_word' id='word_1_20' title='bbox 650 350 765 398; x_wconf 79' lang='lat' dir='ltr'><strong>disserere.</strong></span> 
     </span>
     <span class='ocr_line' id='line_1_4' title="bbox 98 412 767 477; baseline 0.006 -19"><span class='ocrx_word' id='word_1_21' title='bbox 98 412 198 465; x_wconf 69' lang='lat' dir='ltr'><strong>Qucum</strong></span> <span class='ocrx_word' id='word_1_22' title='bbox 209 412 344 459; x_wconf 72' lang='lat' dir='ltr'><strong>Achaeorum</strong></span> <span class='ocrx_word' id='word_1_23' title='bbox 355 420 379 459; x_wconf 86' lang='lat' dir='ltr'><strong>et</strong></span> <span class='ocrx_word' id='word_1_24' title='bbox 392 414 456 459; x_wconf 86' lang='lat' dir='ltr'><strong>initio</strong></span> <span class='ocrx_word' id='word_1_25' title='bbox 470 429 518 460; x_wconf 87' lang='lat' dir='ltr'><strong>eam</strong></span> <span class='ocrx_word' id='word_1_26' title='bbox 530 430 554 461; x_wconf 87' lang='lat' dir='ltr'><strong>se</strong></span> <span class='ocrx_word' id='word_1_27' title='bbox 565 430 611 460; x_wconf 90' lang='lat' dir='ltr'><strong>rem</strong></span> <span class='ocrx_word' id='word_1_28' title='bbox 623 414 767 477; x_wconf 83' lang='lat' dir='ltr'><strong>adspernatos</strong></span> 
     </span>
     <span class='ocr_line' id='line_1_5' title="bbox 96 477 768 541; baseline 0.007 -19"><span class='ocrx_word' id='word_1_29' title='bbox 96 477 242 530; x_wconf 70' lang='lat' dir='ltr'><strong>testabantur,</strong></span> <span class='ocrx_word' id='word_1_30' title='bbox 258 484 281 523; x_wconf 91' lang='lat' dir='ltr'><strong>et</strong></span> <span class='ocrx_word' id='word_1_31' title='bbox 295 485 349 523; x_wconf 90' lang='lat' dir='ltr'><strong>tunc</strong></span> <span class='ocrx_word' id='word_1_32' title='bbox 364 478 506 538; x_wconf 70' lang='lat' dir='ltr'><strong>pertinaciam</strong></span> <span class='ocrx_word' id='word_1_33' title='bbox 517 478 675 540; x_wconf 63' lang='lat' dir='ltr'><strong>increpitabant</strong></span> <span class='ocrx_word' id='word_1_34' title='bbox 685 488 768 541; x_wconf 78' lang='lat' dir='ltr'><strong>praeto·</strong></span> 
     </span>
     <span class='ocr_line' id='line_1_6' title="bbox 98 541 769 601; baseline 0.006 -14"><span class='ocrx_word' id='word_1_35' title='bbox 98 541 143 588; x_wconf 84' lang='lat' dir='ltr'><strong>ris:</strong></span> <span class='ocrx_word' id='word_1_36' title='bbox 162 542 331 601; x_wconf 81' lang='lat' dir='ltr'><strong>auctoribusque</strong></span> <span class='ocrx_word' id='word_1_37' title='bbox 341 542 368 588; x_wconf 86' lang='lat' dir='ltr'><strong>iis</strong></span> <span class='ocrx_word' id='word_1_38' title='bbox 378 543 491 588; x_wconf 85' lang='lat' dir='ltr'><strong>decretum</strong></span> <span class='ocrx_word' id='word_1_39' title='bbox 503 551 543 595; x_wconf 86' lang='lat' dir='ltr'><strong>est,</strong></span> <span class='ocrx_word' id='word_1_40' title='bbox 558 552 584 588; x_wconf 89' lang='lat' dir='ltr'><strong>ut</strong></span> <span class='ocrx_word' id='word_1_41' title='bbox 594 542 623 587; x_wconf 90' lang='lat' dir='ltr'><strong>T.</strong></span> <span class='ocrx_word' id='word_1_42' title='bbox 636 542 730 597; x_wconf 80' lang='lat' dir='ltr'><strong>Quintio</strong></span> <span class='ocrx_word' id='word_1_43' title='bbox 741 560 769 591; x_wconf 87' lang='lat' dir='ltr'><strong>ea</strong></span> 
     </span>
     <span class='ocr_line' id='line_1_7' title="bbox 96 605 767 666; baseline 0.004 -15"><span class='ocrx_word' id='word_1_44' title='bbox 96 620 134 651; x_wconf 85' lang='lat' dir='ltr'><strong>res</strong></span> <span class='ocrx_word' id='word_1_45' title='bbox 143 606 314 666; x_wconf 85' lang='lat' dir='ltr'><strong>permitteretur.</strong></span> <span class='ocrx_word' id='word_1_46' title='bbox 342 606 399 653; x_wconf 86' lang='lat' dir='ltr'><strong>Erat</strong></span> <span class='ocrx_word' id='word_1_47' title='bbox 408 605 523 660; x_wconf 82' lang='lat' dir='ltr'><strong>Quintius,</strong></span> <span class='ocrx_word' id='word_1_48' title='bbox 536 608 593 653; x_wconf 88' lang='lat' dir='ltr'><strong>sicut</strong></span> <span class='ocrx_word' id='word_1_49' title='bbox 601 607 767 654; x_wconf 85' lang='lat' dir='ltr'><strong>adversantibus</strong></span> 
     </span>
     <span class='ocr_line' id='line_1_8' title="bbox 96 669 768 734; baseline 0.007 -20"><span class='ocrx_word' id='word_1_50' title='bbox 96 684 167 731; x_wconf 81' lang='lat' dir='ltr'><strong>asper,</strong></span> <span class='ocrx_word' id='word_1_51' title='bbox 184 670 222 722; x_wconf 86' lang='lat' dir='ltr'><strong>ita,</strong></span> <span class='ocrx_word' id='word_1_52' title='bbox 239 670 258 715; x_wconf 91' lang='lat' dir='ltr'><strong>si</strong></span> <span class='ocrx_word' id='word_1_53' title='bbox 268 671 365 724; x_wconf 84' lang='lat' dir='ltr'><strong>cederes,</strong></span> <span class='ocrx_word' id='word_1_54' title='bbox 377 671 435 717; x_wconf 90' lang='lat' dir='ltr'><strong>idem</strong></span> <span class='ocrx_word' id='word_1_55' title='bbox 445 672 562 732; x_wconf 80' lang='lat' dir='ltr'><strong>placabilis</strong></span> <span class='ocrx_word' id='word_1_56' title='bbox 599 669 689 719; x_wconf 74' lang='lat' dir='ltr'><strong>Omissis</strong></span> <span class='ocrx_word' id='word_1_57' title='bbox 699 672 768 734; x_wconf 78' lang='lat' dir='ltr'><strong>igitur</strong></span> 
     </span>
     <span class='ocr_line' id='line_1_9' title="bbox 95 734 765 797; baseline 0.004 -18"><span class='ocrx_word' id='word_1_58' title='bbox 95 735 241 781; x_wconf 81' lang='lat' dir='ltr'><strong>contentione</strong></span> <span class='ocrx_word' id='word_1_59' title='bbox 258 735 321 781; x_wconf 84' lang='lat' dir='ltr'><strong>vocis</strong></span> <span class='ocrx_word' id='word_1_60' title='bbox 339 735 465 795; x_wconf 72' lang='lat' dir='ltr'><strong>uultusque,</strong></span> <span class='ocrx_word' id='word_1_61' title='bbox 479 742 506 765; x_wconf 72' lang='lat'><strong>“⁸</strong></span> <span class='ocrx_word' id='word_1_62' title='bbox 519 736 543 783; x_wconf 86' lang='lat' dir='ltr'><strong>si</strong></span> <span class='ocrx_word' id='word_1_63' title='bbox 562 734 663 789; x_wconf 86' lang='lat' dir='ltr'><strong>utilem,&#39;¹</strong></span> <span class='ocrx_word' id='word_1_64' title='bbox 686 736 765 797; x_wconf 89' lang='lat' dir='ltr'><strong>inquit,</strong></span> 
     </span>
     <span class='ocr_line' id='line_1_10' title="bbox 97 798 765 861; baseline 0.007 -17"><span class='ocrx_word' id='word_1_65' title='bbox 97 805 113 827; x_wconf 80' lang='lat'><strong>⁴⁴</strong></span> <span class='ocrx_word' id='word_1_66' title='bbox 124 798 288 860; x_wconf 87' lang='lat' dir='ltr'><strong>possessionem</strong></span> <span class='ocrx_word' id='word_1_67' title='bbox 307 801 355 861; x_wconf 89' lang='lat' dir='ltr'><strong>ejus</strong></span> <span class='ocrx_word' id='word_1_68' title='bbox 373 800 453 845; x_wconf 88' lang='lat' dir='ltr'><strong>insulae</strong></span> <span class='ocrx_word' id='word_1_69' title='bbox 472 814 584 847; x_wconf 77' lang='lat' dir='ltr'><strong>censerem</strong></span> <span class='ocrx_word' id='word_1_70' title='bbox 602 800 692 847; x_wconf 79' lang='lat' dir='ltr'><strong>Achaeis</strong></span> <span class='ocrx_word' id='word_1_71' title='bbox 708 817 765 857; x_wconf 87' lang='lat' dir='ltr'><strong>esse,</strong></span> 
     </span>
     <span class='ocr_line' id='line_1_11' title="bbox 96 864 767 925; baseline 0.006 -17"><span class='ocrx_word' id='word_1_72' title='bbox 96 870 174 909; x_wconf 85' lang='lat' dir='ltr'><strong>auctor</strong></span> <span class='ocrx_word' id='word_1_73' title='bbox 184 877 257 911; x_wconf 78' lang='lat' dir='ltr'><strong>essem</strong></span> <span class='ocrx_word' id='word_1_74' title='bbox 268 864 353 909; x_wconf 79' lang='lat' dir='ltr'><strong>senatui</strong></span> <span class='ocrx_word' id='word_1_75' title='bbox 364 864 490 925; x_wconf 89' lang='lat' dir='ltr'><strong>populoque</strong></span> <span class='ocrx_word' id='word_1_76' title='bbox 501 864 613 917; x_wconf 87' lang='lat' dir='ltr'><strong>Romano,</strong></span> <span class='ocrx_word' id='word_1_77' title='bbox 631 874 655 910; x_wconf 90' lang='lat' dir='ltr'><strong>ut</strong></span> <span class='ocrx_word' id='word_1_78' title='bbox 665 880 714 912; x_wconf 84' lang='lat' dir='ltr'><strong>eam</strong></span> <span class='ocrx_word' id='word_1_79' title='bbox 725 882 767 912; x_wconf 88' lang='lat' dir='ltr'><strong>vos</strong></span> 
     </span>
     <span class='ocr_line' id='line_1_12' title="bbox 96 927 769 983; baseline 0.006 -10"><span class='ocrx_word' id='word_1_80' title='bbox 96 927 178 973; x_wconf 80' lang='lat' dir='ltr'><strong>babere</strong></span> <span class='ocrx_word' id='word_1_81' title='bbox 189 928 299 974; x_wconf 77' lang='lat' dir='ltr'><strong>sinerent:</strong></span> <span class='ocrx_word' id='word_1_82' title='bbox 319 936 432 981; x_wconf 85' lang='lat' dir='ltr'><strong>caeterum,</strong></span> <span class='ocrx_word' id='word_1_83' title='bbox 448 930 506 975; x_wconf 89' lang='lat' dir='ltr'><strong>sicut</strong></span> <span class='ocrx_word' id='word_1_84' title='bbox 514 929 654 983; x_wconf 86' lang='lat' dir='ltr'><strong>testudinem,</strong></span> <span class='ocrx_word' id='word_1_85' title='bbox 670 931 706 976; x_wconf 86' lang='lat' dir='ltr'><strong>ubi</strong></span> <span class='ocrx_word' id='word_1_86' title='bbox 721 931 769 977; x_wconf 91' lang='lat' dir='ltr'><strong>cnl-</strong></span> 
     </span>
     <span class='ocr_line' id='line_1_13' title="bbox 94 991 766 1053; baseline 0 -14"><span class='ocrx_word' id='word_1_87' title='bbox 94 991 154 1039; x_wconf 83' lang='lat' dir='ltr'><strong>lecta</strong></span> <span class='ocrx_word' id='word_1_88' title='bbox 162 992 187 1037; x_wconf 91' lang='lat' dir='ltr'><strong>in</strong></span> <span class='ocrx_word' id='word_1_89' title='bbox 199 1006 263 1037; x_wconf 88' lang='lat' dir='ltr'><strong>suum</strong></span> <span class='ocrx_word' id='word_1_90' title='bbox 272 993 370 1053; x_wconf 81' lang='lat' dir='ltr'><strong>tegimen</strong></span> <span class='ocrx_word' id='word_1_91' title='bbox 379 1000 420 1045; x_wconf 82' lang='lat' dir='ltr'><strong>est,</strong></span> <span class='ocrx_word' id='word_1_92' title='bbox 433 1000 504 1039; x_wconf 82' lang='lat' dir='ltr'><strong>tutam</strong></span> <span class='ocrx_word' id='word_1_93' title='bbox 513 994 541 1040; x_wconf 89' lang='lat' dir='ltr'><strong>ad</strong></span> <span class='ocrx_word' id='word_1_94' title='bbox 549 1009 626 1040; x_wconf 89' lang='lat' dir='ltr'><strong>omnes</strong></span> <span class='ocrx_word' id='word_1_95' title='bbox 635 994 692 1039; x_wconf 75' lang='lat' dir='ltr'><strong>ictus</strong></span> <span class='ocrx_word' id='word_1_96' title='bbox 700 994 766 1040; x_wconf 81' lang='lat' dir='ltr'><strong>video</strong></span> 
     </span>
     <span class='ocr_line' id='line_1_14' title="bbox 95 1056 764 1119; baseline 0.004 -17"><span class='ocrx_word' id='word_1_97' title='bbox 95 1070 159 1113; x_wconf 80' lang='lat' dir='ltr'><strong>esse;</strong></span> <span class='ocrx_word' id='word_1_98' title='bbox 173 1056 212 1103; x_wconf 90' lang='lat' dir='ltr'><strong>ubi</strong></span> <span class='ocrx_word' id='word_1_99' title='bbox 222 1058 304 1103; x_wconf 79' lang='lat' dir='ltr'><strong>exserit</strong></span> <span class='ocrx_word' id='word_1_100' title='bbox 314 1066 389 1119; x_wconf 84' lang='lat' dir='ltr'><strong>partes</strong></span> <span class='ocrx_word' id='word_1_101' title='bbox 399 1058 490 1117; x_wconf 81' lang='lat' dir='ltr'><strong>aliquas,</strong></span> <span class='ocrx_word' id='word_1_102' title='bbox 503 1058 657 1119; x_wconf 87' lang='lat' dir='ltr'><strong>quodcumque</strong></span> <span class='ocrx_word' id='word_1_103' title='bbox 666 1058 764 1111; x_wconf 81' lang='lat' dir='ltr'><strong>nudavit,</strong></span> 
     </span>
     <span class='ocr_line' id='line_1_15' title="bbox 94 1120 765 1180; baseline 0.003 -13"><span class='ocrx_word' id='word_1_104' title='bbox 94 1120 217 1167; x_wconf 84' lang='lat' dir='ltr'><strong>obnoxium</strong></span> <span class='ocrx_word' id='word_1_105' title='bbox 234 1128 300 1180; x_wconf 86' lang='lat' dir='ltr'><strong>atque</strong></span> <span class='ocrx_word' id='word_1_106' title='bbox 315 1120 427 1167; x_wconf 84' lang='lat' dir='ltr'><strong>infirmum</strong></span> <span class='ocrx_word' id='word_1_107' title='bbox 443 1123 537 1179; x_wconf 86' lang='lat' dir='ltr'><strong>babere;</strong></span> <span class='ocrx_word' id='word_1_108' title='bbox 557 1124 615 1169; x_wconf 83' lang='lat' dir='ltr'><strong>haud</strong></span> <span class='ocrx_word' id='word_1_109' title='bbox 632 1124 765 1170; x_wconf 84' lang='lat' dir='ltr'><strong>dissimiliter</strong></span> 
     </span>
     <span class='ocr_line' id='line_1_16' title="bbox 94 1185 766 1248; baseline 0.006 -18"><span class='ocrx_word' id='word_1_110' title='bbox 94 1200 143 1238; x_wconf 81' lang='lat' dir='ltr'><strong>vos,</strong></span> <span class='ocrx_word' id='word_1_111' title='bbox 162 1185 251 1238; x_wconf 76' lang='lat' dir='ltr'><strong>Achaei,</strong></span> <span class='ocrx_word' id='word_1_112' title='bbox 268 1186 356 1231; x_wconf 84' lang='lat' dir='ltr'><strong>clausos</strong></span> <span class='ocrx_word' id='word_1_113' title='bbox 371 1187 466 1247; x_wconf 90' lang='lat' dir='ltr'><strong>undique</strong></span> <span class='ocrx_word' id='word_1_114' title='bbox 482 1188 543 1241; x_wconf 83' lang='lat' dir='ltr'><strong>mari,</strong></span> <span class='ocrx_word' id='word_1_115' title='bbox 562 1202 612 1248; x_wconf 88' lang='lat' dir='ltr'><strong>quae</strong></span> <span class='ocrx_word' id='word_1_116' title='bbox 627 1188 684 1234; x_wconf 90' lang='lat' dir='ltr'><strong>intra</strong></span> <span class='ocrx_word' id='word_1_117' title='bbox 698 1186 766 1234; x_wconf 85' lang='lat' dir='ltr'><strong>Pelo-</strong></span> 
     </span>
     <span class='ocr_line' id='line_1_17' title="bbox 93 1250 766 1313; baseline 0.004 -19"><span class='ocrx_word' id='word_1_118' title='bbox 93 1250 189 1311; x_wconf 85' lang='lat' dir='ltr'><strong>ponnesi</strong></span> <span class='ocrx_word' id='word_1_119' title='bbox 201 1250 246 1295; x_wconf 84' lang='lat' dir='ltr'><strong>sint</strong></span> <span class='ocrx_word' id='word_1_120' title='bbox 256 1252 370 1302; x_wconf 89' lang='lat' dir='ltr'><strong>terminos,</strong></span> <span class='ocrx_word' id='word_1_121' title='bbox 387 1266 413 1297; x_wconf 84' lang='lat' dir='ltr'><strong>ea</strong></span> <span class='ocrx_word' id='word_1_122' title='bbox 423 1258 446 1297; x_wconf 90' lang='lat' dir='ltr'><strong>et</strong></span> <span class='ocrx_word' id='word_1_123' title='bbox 455 1252 553 1313; x_wconf 84' lang='lat' dir='ltr'><strong>jungere</strong></span> <span class='ocrx_word' id='word_1_124' title='bbox 569 1252 637 1303; x_wconf 89' lang='lat' dir='ltr'><strong>uobis,</strong></span> <span class='ocrx_word' id='word_1_125' title='bbox 653 1258 676 1296; x_wconf 86' lang='lat' dir='ltr'><strong>et</strong></span> <span class='ocrx_word' id='word_1_126' title='bbox 687 1252 766 1313; x_wconf 85' lang='lat' dir='ltr'><strong>juncta</strong></span> 
     </span>
     <span class='ocr_line' id='line_1_18' title="bbox 93 1314 765 1376; baseline 0 -16"><span class='ocrx_word' id='word_1_127' title='bbox 93 1314 151 1360; x_wconf 86' lang='lat' dir='ltr'><strong>tueri</strong></span> <span class='ocrx_word' id='word_1_128' title='bbox 167 1314 249 1371; x_wconf 79' lang='lat' dir='ltr'><strong>facile3</strong></span> <span class='ocrx_word' id='word_1_129' title='bbox 272 1315 338 1361; x_wconf 89' lang='lat' dir='ltr'><strong>simul</strong></span> <span class='ocrx_word' id='word_1_130' title='bbox 353 1315 457 1361; x_wconf 82' lang='lat' dir='ltr'><strong>aviditate</strong></span> <span class='ocrx_word' id='word_1_131' title='bbox 473 1316 536 1376; x_wconf 86' lang='lat' dir='ltr'><strong>plura</strong></span> <span class='ocrx_word' id='word_1_132' title='bbox 552 1314 696 1375; x_wconf 85' lang='lat' dir='ltr'><strong>amplectendi</strong></span> <span class='ocrx_word' id='word_1_133' title='bbox 712 1315 765 1360; x_wconf 90' lang='lat' dir='ltr'><strong>hinc</strong></span> 
     </span>
     <span class='ocr_line' id='line_1_19' title="bbox 93 1378 765 1440; baseline -0.006 -13"><span class='ocrx_word' id='word_1_134' title='bbox 93 1378 214 1432; x_wconf 61' lang='lat' dir='ltr'><strong>affluatis,</strong></span> <span class='ocrx_word' id='word_1_135' title='bbox 227 1379 285 1425; x_wconf 87' lang='lat' dir='ltr'><strong>nuda</strong></span> <span class='ocrx_word' id='word_1_136' title='bbox 295 1380 358 1425; x_wconf 87' lang='lat' dir='ltr'><strong>vobis</strong></span> <span class='ocrx_word' id='word_1_137' title='bbox 369 1380 450 1433; x_wconf 88' lang='lat' dir='ltr'><strong>omnia,</strong></span> <span class='ocrx_word' id='word_1_138' title='bbox 462 1394 514 1440; x_wconf 79' lang='lat' dir='ltr'><strong>quae</strong></span> <span class='ocrx_word' id='word_1_139' title='bbox 525 1387 588 1425; x_wconf 84' lang='lat' dir='ltr'><strong>extra</strong></span> <span class='ocrx_word' id='word_1_140' title='bbox 599 1379 649 1430; x_wconf 84' lang='lat' dir='ltr'><strong>sint,</strong></span> <span class='ocrx_word' id='word_1_141' title='bbox 662 1384 685 1423; x_wconf 89' lang='lat' dir='ltr'><strong>et</strong></span> <span class='ocrx_word' id='word_1_142' title='bbox 695 1392 765 1439; x_wconf 85' lang='lat' dir='ltr'><strong>expo-</strong></span> 
     </span>
     <span class='ocr_line' id='line_1_20' title="bbox 93 1442 765 1506; baseline -0.004 -16"><span class='ocrx_word' id='word_1_143' title='bbox 93 1443 136 1506; x_wconf 77' lang='lat' dir='ltr'><strong>¹sita</strong></span> <span class='ocrx_word' id='word_1_144' title='bbox 145 1443 175 1490; x_wconf 87' lang='lat' dir='ltr'><strong>ad</strong></span> <span class='ocrx_word' id='word_1_145' title='bbox 186 1458 264 1490; x_wconf 90' lang='lat' dir='ltr'><strong>omnes</strong></span> <span class='ocrx_word' id='word_1_146' title='bbox 275 1444 333 1490; x_wconf 86' lang='lat' dir='ltr'><strong>ictus</strong></span> <span class='ocrx_word' id='word_1_147' title='bbox 345 1443 421 1491; x_wconf 85' lang='lat' dir='ltr'><strong>esse”</strong></span> <span class='ocrx_word' id='word_1_148' title='bbox 454 1444 599 1491; x_wconf 84' lang='lat' dir='ltr'><strong>Assentiente</strong></span> <span class='ocrx_word' id='word_1_149' title='bbox 614 1442 674 1489; x_wconf 87' lang='lat' dir='ltr'><strong>omni</strong></span> <span class='ocrx_word' id='word_1_150' title='bbox 690 1442 765 1488; x_wconf 90' lang='lat' dir='ltr'><strong>conci-</strong></span> 
     </span>
     <span class='ocr_line' id='line_1_21' title="bbox 91 1505 765 1570; baseline -0.001 -16"><span class='ocrx_word' id='word_1_151' title='bbox 91 1507 129 1561; x_wconf 91' lang='lat' dir='ltr'><strong>lio,</strong></span> <span class='ocrx_word' id='word_1_152' title='bbox 142 1523 186 1554; x_wconf 87' lang='lat' dir='ltr'><strong>nec</strong></span> <span class='ocrx_word' id='word_1_153' title='bbox 197 1507 317 1570; x_wconf 77' lang='lat' dir='ltr'><strong>Diophane</strong></span> <span class='ocrx_word' id='word_1_154' title='bbox 328 1509 386 1556; x_wconf 89' lang='lat' dir='ltr'><strong>ultra</strong></span> <span class='ocrx_word' id='word_1_155' title='bbox 396 1510 487 1556; x_wconf 89' lang='lat' dir='ltr'><strong>tendere</strong></span> <span class='ocrx_word' id='word_1_156' title='bbox 498 1525 559 1562; x_wconf 88' lang='lat' dir='ltr'><strong>auso,</strong></span> <span class='ocrx_word' id='word_1_157' title='bbox 576 1507 705 1568; x_wconf 83' lang='lat' dir='ltr'><strong>Zacynthus</strong></span> <span class='ocrx_word' id='word_1_158' title='bbox 715 1505 765 1554; x_wconf 84' lang='lat' dir='ltr'><strong>Ro-</strong></span> 
     </span>
     <span class='ocr_line' id='line_1_22' title="bbox 90 1573 488 1620; baseline -0.003 0"><span class='ocrx_word' id='word_1_159' title='bbox 90 1574 165 1620; x_wconf 79' lang='lat' dir='ltr'><strong>manis</strong></span> <span class='ocrx_word' id='word_1_160' title='bbox 175 1573 276 1620; x_wconf 74' lang='lat' dir='ltr'><strong>traditur.</strong></span> <span class='ocrx_word' id='word_1_161' title='bbox 486 1583 488 1590; x_wconf 90' lang='grc'><strong>’</strong></span> 
     </span>
    </p>

    <p class='ocr_par' dir='ltr' id='par_1_3' title="bbox 85 1635 797 2731">
     <span class='ocr_line' id='line_1_23' title="bbox 91 1635 764 1702; baseline 0 -18"><span class='ocrx_word' id='word_1_162' title='bbox 91 1651 110 1659; x_wconf 90' lang='lat'><strong>··</strong></span> <span class='ocrx_word' id='word_1_163' title='bbox 123 1635 254 1684; x_wconf 82' lang='lat' dir='ltr'>XXXIII.</span> <span class='ocrx_word' id='word_1_164' title='bbox 274 1637 319 1686; x_wconf 89' lang='lat' dir='ltr'><strong>Per</strong></span> <span class='ocrx_word' id='word_1_165' title='bbox 329 1638 387 1685; x_wconf 86' lang='lat' dir='ltr'><strong>idem</strong></span> <span class='ocrx_word' id='word_1_166' title='bbox 398 1647 487 1701; x_wconf 92' lang='lat' dir='ltr'><strong>tempus</strong></span> <span class='ocrx_word' id='word_1_167' title='bbox 504 1637 618 1701; x_wconf 89' lang='lat' dir='ltr'><strong>Philippus</strong></span> <span class='ocrx_word' id='word_1_168' title='bbox 634 1651 680 1692; x_wconf 86' lang='lat' dir='ltr'><strong>rex,</strong></span> <span class='ocrx_word' id='word_1_169' title='bbox 696 1637 764 1702; x_wconf 84' lang='lat' dir='ltr'><strong>profi·</strong></span> 
     </span>
     <span class='ocr_line' id='line_1_24' title="bbox 90 1701 764 1766; baseline -0.001 -16"><span class='ocrx_word' id='word_1_170' title='bbox 90 1701 213 1750; x_wconf 67' lang='lat' dir='ltr'><strong>decantem</strong></span> <span class='ocrx_word' id='word_1_171' title='bbox 224 1703 338 1749; x_wconf 85' lang='lat' dir='ltr'><strong>consulem</strong></span> <span class='ocrx_word' id='word_1_172' title='bbox 349 1703 377 1749; x_wconf 89' lang='lat' dir='ltr'><strong>ad</strong></span> <span class='ocrx_word' id='word_1_173' title='bbox 388 1703 530 1766; x_wconf 80' lang='lat' dir='ltr'><strong>Naupactum</strong></span> <span class='ocrx_word' id='word_1_174' title='bbox 543 1711 691 1766; x_wconf 77' lang='lat' dir='ltr'><strong>percontatus,</strong></span> <span class='ocrx_word' id='word_1_175' title='bbox 709 1704 727 1749; x_wconf 87' lang='lat' dir='ltr'><strong>si</strong></span> <span class='ocrx_word' id='word_1_176' title='bbox 739 1717 764 1750; x_wconf 85' lang='lat' dir='ltr'><strong>se</strong></span> 
     </span>
     <span class='ocr_line' id='line_1_25' title="bbox 89 1765 763 1828; baseline -0.003 -14"><span class='ocrx_word' id='word_1_177' title='bbox 89 1766 188 1820; x_wconf 85' lang='lat' dir='ltr'><strong>interim,</strong></span> <span class='ocrx_word' id='word_1_178' title='bbox 205 1782 255 1828; x_wconf 82' lang='lat' dir='ltr'><strong>quae</strong></span> <span class='ocrx_word' id='word_1_179' title='bbox 266 1767 398 1814; x_wconf 86' lang='lat' dir='ltr'><strong>defecissent</strong></span> <span class='ocrx_word' id='word_1_180' title='bbox 408 1769 435 1814; x_wconf 82' lang='lat' dir='ltr'><strong>ab</strong></span> <span class='ocrx_word' id='word_1_181' title='bbox 450 1769 556 1815; x_wconf 87' lang='lat' dir='ltr'><strong>societate</strong></span> <span class='ocrx_word' id='word_1_182' title='bbox 571 1765 681 1820; x_wconf 76' lang='lat' dir='ltr'><strong>Romani,</strong></span> <span class='ocrx_word' id='word_1_183' title='bbox 697 1769 763 1813; x_wconf 86' lang='lat' dir='ltr'><strong>urbes</strong></span> 
     </span>
     <span class='ocr_line' id='line_1_26' title="bbox 90 1831 764 1894; baseline -0.004 -16"><span class='ocrx_word' id='word_1_184' title='bbox 90 1832 190 1894; x_wconf 84' lang='lat' dir='ltr'><strong>recipere</strong></span> <span class='ocrx_word' id='word_1_185' title='bbox 201 1832 276 1885; x_wconf 85' lang='lat' dir='ltr'><strong>vellet,</strong></span> <span class='ocrx_word' id='word_1_186' title='bbox 291 1833 434 1894; x_wconf 88' lang='lat' dir='ltr'><strong>permittente</strong></span> <span class='ocrx_word' id='word_1_187' title='bbox 447 1849 482 1886; x_wconf 92' lang='lat' dir='ltr'><strong>eo,</strong></span> <span class='ocrx_word' id='word_1_188' title='bbox 499 1833 526 1879; x_wconf 87' lang='lat' dir='ltr'><strong>ad</strong></span> <span class='ocrx_word' id='word_1_189' title='bbox 540 1831 708 1879; x_wconf 80' lang='lat' dir='ltr'><strong>Demetriadem</strong></span> <span class='ocrx_word' id='word_1_190' title='bbox 724 1845 764 1876; x_wconf 90' lang='lat' dir='ltr'><strong>co-</strong></span> 
     </span>
     <span class='ocr_line' id='line_1_27' title="bbox 88 1896 763 1958; baseline -0.004 -15"><span class='ocrx_word' id='word_1_191' title='bbox 88 1897 137 1958; x_wconf 80' lang='lat' dir='ltr'><strong>pias</strong></span> <span class='ocrx_word' id='word_1_192' title='bbox 153 1897 259 1950; x_wconf 80' lang='lat' dir='ltr'><strong>admovit,</strong></span> <span class='ocrx_word' id='word_1_193' title='bbox 278 1896 336 1942; x_wconf 90' lang='lat' dir='ltr'><strong>haud</strong></span> <span class='ocrx_word' id='word_1_194' title='bbox 351 1897 449 1958; x_wconf 63' lang='lat' dir='ltr'><strong>ignarum</strong></span> <span class='ocrx_word' id='word_1_195' title='bbox 467 1904 551 1957; x_wconf 86' lang='lat' dir='ltr'><strong>quanta</strong></span> <span class='ocrx_word' id='word_1_196' title='bbox 566 1897 595 1942; x_wconf 93' lang='lat' dir='ltr'><strong>ibi</strong></span> <span class='ocrx_word' id='word_1_197' title='bbox 612 1904 659 1941; x_wconf 92' lang='lat' dir='ltr'><strong>tum</strong></span> <span class='ocrx_word' id='word_1_198' title='bbox 676 1901 763 1957; x_wconf 86' lang='lat' dir='ltr'><strong>pertur-</strong></span> 
     </span>
     <span class='ocr_line' id='line_1_28' title="bbox 87 1959 762 2022; baseline -0.001 -14"><span class='ocrx_word' id='word_1_199' title='bbox 87 1961 149 2008; x_wconf 78' lang='lat' dir='ltr'><strong>batio</strong></span> <span class='ocrx_word' id='word_1_200' title='bbox 165 1969 232 2007; x_wconf 86' lang='lat' dir='ltr'><strong>esset.</strong></span> <span class='ocrx_word' id='word_1_201' title='bbox 267 1959 379 2007; x_wconf 86' lang='lat' dir='ltr'><strong>Destituti</strong></span> <span class='ocrx_word' id='word_1_202' title='bbox 395 1962 454 2007; x_wconf 89' lang='lat' dir='ltr'><strong>enim</strong></span> <span class='ocrx_word' id='word_1_203' title='bbox 472 1962 498 2008; x_wconf 90' lang='lat' dir='ltr'><strong>ah</strong></span> <span class='ocrx_word' id='word_1_204' title='bbox 515 1960 576 2006; x_wconf 92' lang='lat' dir='ltr'><strong>omni</strong></span> <span class='ocrx_word' id='word_1_205' title='bbox 593 1975 638 2022; x_wconf 86' lang='lat' dir='ltr'><strong>spe,</strong></span> <span class='ocrx_word' id='word_1_206' title='bbox 656 1975 708 2006; x_wconf 89' lang='lat' dir='ltr'><strong>cum</strong></span> <span class='ocrx_word' id='word_1_207' title='bbox 723 1959 762 2007; x_wconf 87' lang='lat' dir='ltr'><strong>de-</strong></span> 
     </span>
     <span class='ocr_line' id='line_1_29' title="bbox 88 2025 762 2088; baseline -0.004 -15"><span class='ocrx_word' id='word_1_208' title='bbox 88 2033 163 2073; x_wconf 75' lang='lat' dir='ltr'><strong>tortos</strong></span> <span class='ocrx_word' id='word_1_209' title='bbox 178 2041 203 2072; x_wconf 90' lang='lat' dir='ltr'><strong>se</strong></span> <span class='ocrx_word' id='word_1_210' title='bbox 218 2026 246 2071; x_wconf 89' lang='lat' dir='ltr'><strong>ab</strong></span> <span class='ocrx_word' id='word_1_211' title='bbox 260 2025 382 2079; x_wconf 85' lang='lat' dir='ltr'><strong>Antiocho,</strong></span> <span class='ocrx_word' id='word_1_212' title='bbox 400 2041 461 2088; x_wconf 87' lang='lat' dir='ltr'><strong>spem</strong></span> <span class='ocrx_word' id='word_1_213' title='bbox 478 2025 561 2072; x_wconf 82' lang='lat' dir='ltr'><strong>nullam</strong></span> <span class='ocrx_word' id='word_1_214' title='bbox 576 2025 599 2070; x_wconf 91' lang='lat' dir='ltr'><strong>in</strong></span> <span class='ocrx_word' id='word_1_215' title='bbox 612 2025 697 2071; x_wconf 86' lang='lat' dir='ltr'><strong>AEtolis</strong></span> <span class='ocrx_word' id='word_1_216' title='bbox 712 2040 762 2072; x_wconf 85' lang='lat' dir='ltr'><strong>esse</strong></span> 
     </span>
     <span class='ocr_line' id='line_1_30' title="bbox 89 2088 762 2151; baseline 0.001 -15"><span class='ocrx_word' id='word_1_217' title='bbox 89 2097 215 2143; x_wconf 83' lang='lat' dir='ltr'><strong>cernerent,</strong></span> <span class='ocrx_word' id='word_1_218' title='bbox 233 2088 279 2136; x_wconf 88' lang='lat' dir='ltr'><strong>dies</strong></span> <span class='ocrx_word' id='word_1_219' title='bbox 293 2098 414 2150; x_wconf 89' lang='lat' dir='ltr'><strong>noctesque</strong></span> <span class='ocrx_word' id='word_1_220' title='bbox 428 2097 466 2136; x_wconf 89' lang='lat' dir='ltr'><strong>aut</strong></span> <span class='ocrx_word' id='word_1_221' title='bbox 483 2089 579 2151; x_wconf 89' lang='lat' dir='ltr'><strong>Philippi</strong></span> <span class='ocrx_word' id='word_1_222' title='bbox 593 2090 664 2136; x_wconf 88' lang='lat' dir='ltr'><strong>hostis</strong></span> <span class='ocrx_word' id='word_1_223' title='bbox 678 2090 762 2137; x_wconf 86' lang='lat' dir='ltr'><strong>adven·</strong></span> 
     </span>
     <span class='ocr_line' id='line_1_31' title="bbox 88 2153 761 2216; baseline 0.006 -16"><span class='ocrx_word' id='word_1_224' title='bbox 88 2161 145 2207; x_wconf 84' lang='lat' dir='ltr'><strong>tum,</strong></span> <span class='ocrx_word' id='word_1_225' title='bbox 164 2162 205 2200; x_wconf 86' lang='lat' dir='ltr'><strong>aut</strong></span> <span class='ocrx_word' id='word_1_226' title='bbox 220 2153 356 2200; x_wconf 83' lang='lat' dir='ltr'><strong>infestiorem</strong></span> <span class='ocrx_word' id='word_1_227' title='bbox 373 2155 448 2208; x_wconf 89' lang='lat' dir='ltr'><strong>etiarn,</strong></span> <span class='ocrx_word' id='word_1_228' title='bbox 467 2169 511 2214; x_wconf 90' lang='lat' dir='ltr'><strong>qno</strong></span> <span class='ocrx_word' id='word_1_229' title='bbox 524 2155 607 2216; x_wconf 87' lang='lat' dir='ltr'><strong>justius</strong></span> <span class='ocrx_word' id='word_1_230' title='bbox 623 2155 673 2202; x_wconf 85' lang='lat' dir='ltr'><strong>irati</strong></span> <span class='ocrx_word' id='word_1_231' title='bbox 690 2159 761 2204; x_wconf 71' lang='lat' dir='ltr'><strong>erunt»</strong></span> 
     </span>
     <span class='ocr_line' id='line_1_32' title="bbox 87 2216 762 2280; baseline -0.009 -13"><span class='ocrx_word' id='word_1_232' title='bbox 87 2217 247 2267; x_wconf 83' lang='lat' dir='ltr'><strong>Romanorum</strong></span> <span class='ocrx_word' id='word_1_233' title='bbox 261 2219 424 2280; x_wconf 79' lang='lat' dir='ltr'><strong>exspectabant.</strong></span> <span class='ocrx_word' id='word_1_234' title='bbox 459 2217 536 2264; x_wconf 88' lang='lat' dir='ltr'><strong>Turba</strong></span> <span class='ocrx_word' id='word_1_235' title='bbox 550 2227 597 2266; x_wconf 83' lang='lat' dir='ltr'><strong>erat</strong></span> <span class='ocrx_word' id='word_1_236' title='bbox 609 2220 638 2265; x_wconf 91' lang='lat' dir='ltr'><strong>ibi</strong></span> <span class='ocrx_word' id='word_1_237' title='bbox 649 2216 762 2264; x_wconf 84' lang='lat' dir='ltr'><strong>incondita</strong></span> 
     </span>
     <span class='ocr_line' id='line_1_33' title="bbox 88 2281 762 2347; baseline -0.003 -20"><span class='ocrx_word' id='word_1_238' title='bbox 88 2283 216 2347; x_wconf 78' lang='lat' dir='ltr'><strong>regiorum:</strong></span> <span class='ocrx_word' id='word_1_239' title='bbox 234 2284 278 2343; x_wconf 88' lang='lat' dir='ltr'><strong>qui,</strong></span> <span class='ocrx_word' id='word_1_240' title='bbox 290 2281 362 2344; x_wconf 89' lang='lat' dir='ltr'><strong>primo</strong></span> <span class='ocrx_word' id='word_1_241' title='bbox 372 2283 434 2344; x_wconf 91' lang='lat' dir='ltr'><strong>pauci</strong></span> <span class='ocrx_word' id='word_1_242' title='bbox 446 2283 469 2327; x_wconf 91' lang='lat' dir='ltr'><strong>in</strong></span> <span class='ocrx_word' id='word_1_243' title='bbox 481 2283 583 2344; x_wconf 83' lang='lat' dir='ltr'><strong>praesidio</strong></span> <span class='ocrx_word' id='word_1_244' title='bbox 595 2282 671 2334; x_wconf 87' lang='lat' dir='ltr'><strong>relicti,</strong></span> <span class='ocrx_word' id='word_1_245' title='bbox 683 2287 762 2342; x_wconf 86' lang='lat' dir='ltr'><strong>postea</strong></span> 
     </span>
     <span class='ocr_line' id='line_1_34' title="bbox 87 2341 762 2410; baseline -0.009 -16"><span class='ocrx_word' id='word_1_246' title='bbox 87 2347 172 2410; x_wconf 86' lang='lat' dir='ltr'><strong>plures,</strong></span> <span class='ocrx_word' id='word_1_247' title='bbox 188 2346 286 2408; x_wconf 87' lang='lat' dir='ltr'><strong>plerique</strong></span> <span class='ocrx_word' id='word_1_248' title='bbox 297 2348 399 2397; x_wconf 83' lang='lat' dir='ltr'><strong>inermes,</strong></span> <span class='ocrx_word' id='word_1_249' title='bbox 416 2361 444 2392; x_wconf 87' lang='lat' dir='ltr'><strong>ex</strong></span> <span class='ocrx_word' id='word_1_250' title='bbox 458 2347 538 2409; x_wconf 88' lang='lat' dir='ltr'><strong>proelio</strong></span> <span class='ocrx_word' id='word_1_251' title='bbox 553 2349 646 2394; x_wconf 87' lang='lat' dir='ltr'><strong>adverso</strong></span> <span class='ocrx_word' id='word_1_252' title='bbox 656 2341 711 2406; x_wconf 75' lang='lat' dir='ltr'><strong>fugi</strong></span> <span class='ocrx_word' id='word_1_253' title='bbox 722 2343 762 2389; x_wconf 89' lang='lat' dir='ltr'><strong>de-</strong></span> 
     </span>
     <span class='ocr_line' id='line_1_35' title="bbox 86 2407 760 2464; baseline -0.007 -6"><span class='ocrx_word' id='word_1_254' title='bbox 86 2411 135 2464; x_wconf 85' lang='lat' dir='ltr'><strong>lati,</strong></span> <span class='ocrx_word' id='word_1_255' title='bbox 152 2426 195 2458; x_wconf 85' lang='lat' dir='ltr'><strong>nec</strong></span> <span class='ocrx_word' id='word_1_256' title='bbox 209 2412 288 2457; x_wconf 82' lang='lat' dir='ltr'><strong>virium</strong></span> <span class='ocrx_word' id='word_1_257' title='bbox 303 2425 346 2458; x_wconf 89' lang='lat' dir='ltr'><strong>nec</strong></span> <span class='ocrx_word' id='word_1_258' title='bbox 359 2411 427 2458; x_wconf 85' lang='lat' dir='ltr'><strong>animi</strong></span> <span class='ocrx_word' id='word_1_259' title='bbox 442 2413 495 2458; x_wconf 87' lang='lat' dir='ltr'><strong>satis</strong></span> <span class='ocrx_word' id='word_1_260' title='bbox 510 2412 537 2458; x_wconf 84' lang='lat' dir='ltr'><strong>sd</strong></span> <span class='ocrx_word' id='word_1_261' title='bbox 553 2412 689 2457; x_wconf 87' lang='lat' dir='ltr'><strong>obsidionem</strong></span> <span class='ocrx_word' id='word_1_262' title='bbox 704 2407 760 2454; x_wconf 91' lang='lat' dir='ltr'><strong>tole-</strong></span> 
     </span>
     <span class='ocr_line' id='line_1_36' title="bbox 87 2473 760 2538; baseline -0.006 -16"><span class='ocrx_word' id='word_1_263' title='bbox 87 2476 181 2522; x_wconf 81' lang='lat' dir='ltr'><strong>randam</strong></span> <span class='ocrx_word' id='word_1_264' title='bbox 192 2477 306 2523; x_wconf 86' lang='lat' dir='ltr'><strong>habebant.</strong></span> <span class='ocrx_word' id='word_1_265' title='bbox 342 2474 422 2536; x_wconf 86' lang='lat' dir='ltr'><strong>Itaque</strong></span> <span class='ocrx_word' id='word_1_266' title='bbox 432 2477 554 2538; x_wconf 72' lang='lat' dir='ltr'><strong>praemissis</strong></span> <span class='ocrx_word' id='word_1_267' title='bbox 568 2491 582 2521; x_wconf 90' lang='lat' dir='ltr'><strong>a</strong></span> <span class='ocrx_word' id='word_1_268' title='bbox 596 2473 706 2534; x_wconf 89' lang='lat' dir='ltr'><strong>Philippo,</strong></span> <span class='ocrx_word' id='word_1_269' title='bbox 722 2473 760 2532; x_wconf 90' lang='lat' dir='ltr'><strong>qui</strong></span> 
     </span>
     <span class='ocr_line' id='line_1_37' title="bbox 86 2537 759 2602; baseline -0.006 -15"><span class='ocrx_word' id='word_1_270' title='bbox 86 2556 151 2602; x_wconf 84' lang='lat' dir='ltr'><strong>spem</strong></span> <span class='ocrx_word' id='word_1_271' title='bbox 168 2541 311 2602; x_wconf 87' lang='lat' dir='ltr'><strong>impetrabilis</strong></span> <span class='ocrx_word' id='word_1_272' title='bbox 327 2541 400 2587; x_wconf 72' lang='lat' dir='ltr'><strong>veniae</strong></span> <span class='ocrx_word' id='word_1_273' title='bbox 419 2541 570 2591; x_wconf 84' lang='lat' dir='ltr'><strong>ostendebant,</strong></span> <span class='ocrx_word' id='word_1_274' title='bbox 592 2537 759 2597; x_wconf 85' lang='lat' dir='ltr'><strong>responderunt,</strong></span> 
     </span>
     <span class='ocr_line' id='line_1_38' title="bbox 85 2601 797 2666; baseline -0.01 -15"><span class='ocrx_word' id='word_1_275' title='bbox 85 2612 164 2665; x_wconf 89' lang='lat' dir='ltr'><strong>patere</strong></span> <span class='ocrx_word' id='word_1_276' title='bbox 174 2611 250 2666; x_wconf 80' lang='lat' dir='ltr'><strong>portas</strong></span> <span class='ocrx_word' id='word_1_277' title='bbox 261 2605 315 2666; x_wconf 86' lang='lat' dir='ltr'><strong>regi</strong></span> <span class='ocrx_word' id='word_1_278' title='bbox 348 2603 387 2650; x_wconf 82' lang='lat' dir='ltr'><strong>Ad</strong></span> <span class='ocrx_word' id='word_1_279' title='bbox 397 2605 493 2664; x_wconf 88' lang='lat' dir='ltr'><strong>primum</strong></span> <span class='ocrx_word' id='word_1_280' title='bbox 504 2605 552 2664; x_wconf 76' lang='lat' dir='ltr'><strong>ejus</strong></span> <span class='ocrx_word' id='word_1_281' title='bbox 562 2601 688 2662; x_wconf 83' lang='lat' dir='ltr'><strong>ingressum</strong></span> <span class='ocrx_word' id='word_1_282' title='bbox 699 2601 760 2661; x_wconf 86' lang='lat' dir='ltr'><strong>prin·</strong></span> <span class='ocrx_word' id='word_1_283' title='bbox 790 2607 797 2614; x_wconf 84' lang='lat'><em>&#39;</em></span> 
     </span>
     <span class='ocr_line' id='line_1_39' title="bbox 85 2664 760 2731; baseline -0.007 -17"><span class='ocrx_word' id='word_1_284' title='bbox 85 2669 161 2731; x_wconf 83' lang='lat' dir='ltr'><strong>cipum</strong></span> <span class='ocrx_word' id='word_1_285' title='bbox 173 2668 262 2729; x_wconf 79' lang='lat' dir='ltr'><strong>quidam</strong></span> <span class='ocrx_word' id='word_1_286' title='bbox 273 2670 327 2717; x_wconf 88' lang='lat' dir='ltr'><strong>urbe</strong></span> <span class='ocrx_word' id='word_1_287' title='bbox 337 2673 493 2715; x_wconf 67' lang='lat' dir='ltr'><strong>acesserunt:</strong></span> <span class='ocrx_word' id='word_1_288' title='bbox 511 2664 655 2725; x_wconf 84' lang='lat' dir='ltr'><strong>Eurylochus</strong></span> <span class='ocrx_word' id='word_1_289' title='bbox 663 2671 760 2711; x_wconf 84' lang='lat' dir='ltr'><strong>mortem</strong></span> 
     </span>
    </p>
   </div>
   <div class='ocr_carea' id='block_1_3' title="bbox 0 0 938 2925">
    <p class='ocr_par' dir='ltr' id='par_1_4' title="bbox 0 0 938 2925">
     <span class='ocr_line' id='line_1_40' title="bbox 0 0 938 2925; baseline 0 3"><span class='ocrx_word' id='word_1_290' title='bbox 0 0 938 2925; x_wconf 95' lang='lat' dir='ltr'><strong> </strong></span> 
     </span>
    </p>
   </div>
  </div>
 </body>
</html>
