<?xml version="1.0" encoding="UTF-8"?>
<!DOCTYPE html PUBLIC "-//W3C//DTD XHTML 1.0 Transitional//EN"
    "http://www.w3.org/TR/xhtml1/DTD/xhtml1-transitional.dtd">
<html xmlns="http://www.w3.org/1999/xhtml" xml:lang="en" lang="en">
 <head>
  <title>
</title>
<meta http-equiv="Content-Type" content="text/html;charset=utf-8" />
  <meta name='ocr-system' content='tesseract 3.04.00' />
  <meta name='ocr-capabilities' content='ocr_page ocr_carea ocr_par ocr_line ocrx_word'/>
</head>
<body>
  <div class='ocr_page' id='page_1' title='image "./tliviipatavinih04caregoog_0236.png"; bbox 0 0 1867 2925; ppageno 0'>
   <div class='ocr_carea' id='block_1_1' title="bbox 160 117 835 314">
    <p class='ocr_par' dir='ltr' id='par_1_1' title="bbox 160 117 835 314">
     <span class='ocr_line' id='line_1_1' title="bbox 163 117 737 174; baseline -0.012 -2"><span class='ocrx_word' id='word_1_1' title='bbox 163 127 213 172; x_wconf 49' lang='lat'><strong>296*</strong></span> <span class='ocrx_word' id='word_1_2' title='bbox 265 121 294 170; x_wconf 87' lang='grc' dir='ltr'><strong>Τ.</strong></span> <span class='ocrx_word' id='word_1_3' title='bbox 308 119 397 168; x_wconf 81' lang='lat' dir='ltr'>L1v11</span> <span class='ocrx_word' id='word_1_4' title='bbox 413 120 466 172; x_wconf 71' lang='lat' dir='ltr'><strong>lan</strong></span> <span class='ocrx_word' id='word_1_5' title='bbox 480 117 590 174; x_wconf 79' lang='lat' dir='ltr'><strong>XXXV·</strong></span> <span class='ocrx_word' id='word_1_6' title='bbox 610 117 670 170; x_wconf 74' lang='lat' dir='ltr'><strong>ear.</strong></span> <span class='ocrx_word' id='word_1_7' title='bbox 683 122 737 166; x_wconf 66' lang='grc'><strong>31.’</strong></span> 
     </span>
     <span class='ocr_line' id='line_1_2' title="bbox 160 234 835 314; baseline -0.007 -15"><span class='ocrx_word' id='word_1_8' title='bbox 160 266 235 304; x_wconf 67' lang='lat' dir='ltr'><strong>mmo</strong></span> <span class='ocrx_word' id='word_1_9' title='bbox 252 259 282 305; x_wconf 86' lang='lat' dir='ltr'><strong>et,</strong></span> <span class='ocrx_word' id='word_1_10' title='bbox 299 252 360 312; x_wconf 87' lang='lat' dir='ltr'><strong>quod</strong></span> <span class='ocrx_word' id='word_1_11' title='bbox 369 247 397 298; x_wconf 89' lang='lat' dir='ltr'><strong>nd</strong></span> <span class='ocrx_word' id='word_1_12' title='bbox 408 250 547 300; x_wconf 66' lang='lat' dir='ltr'><strong>heodem</strong></span> <span class='ocrx_word' id='word_1_13' title='bbox 554 249 637 298; x_wconf 86' lang='lat' dir='ltr'><strong>bellurn</strong></span> <span class='ocrx_word' id='word_1_14' title='bbox 647 234 835 314; x_wconf 72' lang='lat' dir='ltr'><strong>attineret‚,prxe-·</strong></span> 
     </span>
    </p>
   </div>
   <div class='ocr_carea' id='block_1_2' title="bbox 161 315 920 573">
    <p class='ocr_par' dir='ltr' id='par_1_2' title="bbox 161 315 920 381">
     <span class='ocr_line' id='line_1_3' title="bbox 161 315 920 381; baseline 0.003 -17"><span class='ocrx_word' id='word_1_15' title='bbox 161 315 282 364; x_wconf 80' lang='lat' dir='ltr'><strong>ferentibus</strong></span> <span class='ocrx_word' id='word_1_16' title='bbox 293 317 366 364; x_wconf 82' lang='lat' dir='ltr'><strong>etiam·</strong></span> <span class='ocrx_word' id='word_1_17' title='bbox 688 357 691 367; x_wconf 81' lang='lat'><em>.</em></span> <span class='ocrx_word' id='word_1_18' title='bbox 919 344 920 381; x_wconf 57' lang='lat' dir='ltr'><strong>q</strong></span> 
     </span>
    </p>

    <p class='ocr_par' dir='ltr' id='par_1_3' title="bbox 161 377 920 573">
     <span class='ocr_line' id='line_1_4' title="bbox 194 377 920 440; baseline 0.001 -14"><span class='ocrx_word' id='word_1_19' title='bbox 194 379 294 426; x_wconf 87' lang='lat' dir='ltr'><strong>XXXI.</strong></span> <span class='ocrx_word' id='word_1_20' title='bbox 313 379 378 428; x_wconf 92' lang='lat' dir='ltr'><strong>Dum</strong></span> <span class='ocrx_word' id='word_1_21' title='bbox 393 381 450 430; x_wconf 86' lang='lat' dir='ltr'><strong>iuter</strong></span> <span class='ocrx_word' id='word_1_22' title='bbox 465 379 565 431; x_wconf 76' lang='lat' dir='ltr'><strong>Achreos</strong></span> <span class='ocrx_word' id='word_1_23' title='bbox 578 386 602 426; x_wconf 88' lang='lat' dir='ltr'><strong>et</strong></span> <span class='ocrx_word' id='word_1_24' title='bbox 616 386 737 440; x_wconf 79' lang='lat' dir='ltr'><strong>tyrnmum</strong></span> <span class='ocrx_word' id='word_1_25' title='bbox 746 377 833 427; x_wconf 79' lang='lat' dir='ltr'><strong>belum</strong></span> <span class='ocrx_word' id='word_1_26' title='bbox 919 388 920 399; x_wconf 65' lang='lat'>¹</span> 
     </span>
     <span class='ocr_line' id='line_1_5' title="bbox 161 443 834 508; baseline -0.004 -16"><span class='ocrx_word' id='word_1_27' title='bbox 161 452 217 498; x_wconf 78' lang='lat' dir='ltr'><strong>erat,</strong></span> <span class='ocrx_word' id='word_1_28' title='bbox 234 446 303 508; x_wconf 79' lang='lat' dir='ltr'><strong>legati</strong></span> <span class='ocrx_word' id='word_1_29' title='bbox 321 445 478 492; x_wconf 84' lang='lat' dir='ltr'><strong>Romanorum</strong></span> <span class='ocrx_word' id='word_1_30' title='bbox 495 443 612 494; x_wconf 84' lang='lat' dir='ltr'><strong>circumire</strong></span> <span class='ocrx_word' id='word_1_31' title='bbox 626 445 737 490; x_wconf 90' lang='lat' dir='ltr'><strong>sociorum</strong></span> <span class='ocrx_word' id='word_1_32' title='bbox 757 443 834 498; x_wconf 80' lang='lat' dir='ltr'><strong>urbes,</strong></span> 
     </span>
     <span class='ocr_line' id='line_1_6' title="bbox 163 505 836 573; baseline -0.006 -15"><span class='ocrx_word' id='word_1_33' title='bbox 163 510 258 564; x_wconf 73' lang='lat' dir='ltr'><strong>solliciti,</strong></span> <span class='ocrx_word' id='word_1_34' title='bbox 276 525 306 558; x_wconf 87' lang='lat' dir='ltr'><strong>ne</strong></span> <span class='ocrx_word' id='word_1_35' title='bbox 322 509 395 558; x_wconf 86' lang='lat' dir='ltr'><strong>AEtoli</strong></span> <span class='ocrx_word' id='word_1_36' title='bbox 411 511 480 573; x_wconf 81' lang='lat' dir='ltr'><strong>partis</strong></span> <span class='ocrx_word' id='word_1_37' title='bbox 497 510 589 572; x_wconf 74' lang='lat' dir='ltr'><strong>aliquus</strong></span> <span class='ocrx_word' id='word_1_38' title='bbox 603 509 689 556; x_wconf 83' lang='lat' dir='ltr'><strong>animos</strong></span> <span class='ocrx_word' id='word_1_39' title='bbox 702 505 731 554; x_wconf 84' lang='lat' dir='ltr'><strong>nd</strong></span> <span class='ocrx_word' id='word_1_40' title='bbox 748 507 836 556; x_wconf 85' lang='lat' dir='ltr'><strong>Antio-</strong></span> 
     </span>
    </p>
   </div>
   <div class='ocr_carea' id='block_1_3' title="bbox 163 572 921 701">
    <p class='ocr_par' dir='ltr' id='par_1_4' title="bbox 163 566 921 701">
     <span class='ocr_line' id='line_1_7' title="bbox 163 572 835 636; baseline -0.001 -14"><span class='ocrx_word' id='word_1_41' title='bbox 163 575 231 622; x_wconf 84' lang='lat' dir='ltr'>chum</span> <span class='ocrx_word' id='word_1_42' title='bbox 248 577 386 624; x_wconf 81' lang='lat' dir='ltr'><strong>svertissent</strong></span> <span class='ocrx_word' id='word_1_43' title='bbox 421 575 545 622; x_wconf 87' lang='lat' dir='ltr'><strong>Minimum</strong></span> <span class='ocrx_word' id='word_1_44' title='bbox 559 589 633 636; x_wconf 79' lang='lat' dir='ltr'><strong>operae</strong></span> <span class='ocrx_word' id='word_1_45' title='bbox 647 572 671 620; x_wconf 92' lang='lat' dir='ltr'><strong>in</strong></span> <span class='ocrx_word' id='word_1_46' title='bbox 686 573 780 626; x_wconf 66' lang='lat' dir='ltr'><strong>ausis</strong></span> <span class='ocrx_word' id='word_1_47' title='bbox 794 573 835 622; x_wconf 84' lang='lat' dir='ltr'><strong>sd·</strong></span> 
     </span>
     <span class='ocr_line' id='line_1_8' title="bbox 163 637 921 701; baseline -0.008 -13"><span class='ocrx_word' id='word_1_48' title='bbox 163 639 243 688; x_wconf 85' lang='lat' dir='ltr'><strong>eundis</strong></span> <span class='ocrx_word' id='word_1_49' title='bbox 253 646 437 696; x_wconf 84' lang='lat' dir='ltr'><strong>consumserunt;</strong></span> <span class='ocrx_word' id='word_1_50' title='bbox 449 653 513 701; x_wconf 86' lang='lat' dir='ltr'><strong>quos,</strong></span> <span class='ocrx_word' id='word_1_51' title='bbox 524 639 576 699; x_wconf 81' lang='lat' dir='ltr'><strong>quia</strong></span> <span class='ocrx_word' id='word_1_52' title='bbox 586 637 668 686; x_wconf 82' lang='lat' dir='ltr'><strong>Nabidi</strong></span> <span class='ocrx_word' id='word_1_53' title='bbox 677 637 752 684; x_wconf 76' lang='lat' dir='ltr'><strong>infesti</strong></span> <span class='ocrx_word' id='word_1_54' title='bbox 760 646 834 692; x_wconf 86' lang='lat' dir='ltr'><strong>erant,</strong></span> <span class='ocrx_word' id='word_1_55' title='bbox 920 644 921 647; x_wconf 78' lang='grc'>’</span> 
     </span>
    </p>
   </div>
   <div class='ocr_carea' id='block_1_4' title="bbox 162 702 838 1414">
    <p class='ocr_par' dir='ltr' id='par_1_5' title="bbox 162 702 836 1152">
     <span class='ocr_line' id='line_1_9' title="bbox 163 702 836 766; baseline -0.004 -14"><span class='ocrx_word' id='word_1_56' title='bbox 163 705 192 757; x_wconf 81' lang='lat' dir='ltr'><strong>ad</strong></span> <span class='ocrx_word' id='word_1_57' title='bbox 203 711 382 766; x_wconf 81' lang='lat' dir='ltr'><strong>caeteraquoque</strong></span> <span class='ocrx_word' id='word_1_58' title='bbox 393 704 701 752; x_wconf 71' lang='lat' dir='ltr'><strong>nnsfidoroenrehanteoe.</strong></span> <span class='ocrx_word' id='word_1_59' title='bbox 729 702 836 755; x_wconf 81' lang='lat' dir='ltr'><strong>Athenas</strong></span> 
     </span>
     <span class='ocr_line' id='line_1_10' title="bbox 162 764 835 830; baseline 0.004 -16"><span class='ocrx_word' id='word_1_60' title='bbox 162 769 267 830; x_wconf 84' lang='lat' dir='ltr'><strong>primurn,</strong></span> <span class='ocrx_word' id='word_1_61' title='bbox 284 769 336 816; x_wconf 87' lang='lat' dir='ltr'><strong>inde</strong></span> <span class='ocrx_word' id='word_1_62' title='bbox 353 768 489 823; x_wconf 78' lang='lat' dir='ltr'><strong>Chalcidem,</strong></span> <span class='ocrx_word' id='word_1_63' title='bbox 507 769 559 816; x_wconf 89' lang='lat' dir='ltr'><strong>inde</strong></span> <span class='ocrx_word' id='word_1_64' title='bbox 575 769 598 814; x_wconf 92' lang='lat' dir='ltr'><strong>in</strong></span> <span class='ocrx_word' id='word_1_65' title='bbox 615 767 755 814; x_wconf 71' lang='lat' dir='ltr'><strong>Thessaliam</strong></span> <span class='ocrx_word' id='word_1_66' title='bbox 771 764 835 826; x_wconf 66' lang='lat' dir='ltr'><strong>ieret</strong></span> 
     </span>
     <span class='ocr_line' id='line_1_11' title="bbox 163 831 836 894; baseline -0.004 -14"><span class='ocrx_word' id='word_1_67' title='bbox 163 833 296 894; x_wconf 84' lang='lat' dir='ltr'><strong>allocutique</strong></span> <span class='ocrx_word' id='word_1_68' title='bbox 307 835 401 882; x_wconf 88' lang='lat' dir='ltr'><strong>concillo</strong></span> <span class='ocrx_word' id='word_1_69' title='bbox 408 833 518 894; x_wconf 80' lang='lat' dir='ltr'><strong>frequenti</strong></span> <span class='ocrx_word' id='word_1_70' title='bbox 526 833 654 886; x_wconf 70' lang='lat' dir='ltr'><strong>Thessalos,</strong></span> <span class='ocrx_word' id='word_1_71' title='bbox 663 831 836 879; x_wconf 79' lang='lat' dir='ltr'><strong>Demetriadem</strong></span> 
     </span>
     <span class='ocr_line' id='line_1_12' title="bbox 163 895 833 960; baseline 0.001 -17"><span class='ocrx_word' id='word_1_72' title='bbox 163 897 206 946; x_wconf 85' lang='lat' dir='ltr'><strong>iter</strong></span> <span class='ocrx_word' id='word_1_73' title='bbox 221 896 311 946; x_wconf 73' lang='lat' dir='ltr'><strong>flexere.</strong></span> <span class='ocrx_word' id='word_1_74' title='bbox 347 899 384 946; x_wconf 91' lang='lat' dir='ltr'><strong>Eo</strong></span> <span class='ocrx_word' id='word_1_75' title='bbox 395 897 532 960; x_wconf 72' lang='lat' dir='ltr'><strong>Magnetum</strong></span> <span class='ocrx_word' id='word_1_76' title='bbox 542 897 660 945; x_wconf 87' lang='lat' dir='ltr'><strong>concilium</strong></span> <span class='ocrx_word' id='word_1_77' title='bbox 670 895 778 944; x_wconf 83' lang='lat' dir='ltr'><strong>indictum</strong></span> <span class='ocrx_word' id='word_1_78' title='bbox 789 903 833 944; x_wconf 78' lang='lat' dir='ltr'><strong>est</strong></span> 
     </span>
     <span class='ocr_line' id='line_1_13' title="bbox 166 961 836 1024; baseline -0.004 -14"><span class='ocrx_word' id='word_1_79' title='bbox 166 961 300 1012; x_wconf 78' lang='lat' dir='ltr'><strong>Accuratior</strong></span> <span class='ocrx_word' id='word_1_80' title='bbox 317 965 346 1010; x_wconf 87' lang='lat' dir='ltr'><strong>ibi</strong></span> <span class='ocrx_word' id='word_1_81' title='bbox 361 964 461 1010; x_wconf 82' lang='lat' dir='ltr'><strong>habenda</strong></span> <span class='ocrx_word' id='word_1_82' title='bbox 478 962 548 1010; x_wconf 83' lang='lat' dir='ltr'><strong>oratio</strong></span> <span class='ocrx_word' id='word_1_83' title='bbox 564 962 614 1016; x_wconf 77' lang='lat' dir='ltr'><strong>tuit,</strong></span> <span class='ocrx_word' id='word_1_84' title='bbox 631 962 692 1023; x_wconf 87' lang='lat' dir='ltr'><strong>quod</strong></span> <span class='ocrx_word' id='word_1_85' title='bbox 707 975 759 1024; x_wconf 80' lang='lat' dir='ltr'><strong>pars</strong></span> <span class='ocrx_word' id='word_1_86' title='bbox 772 961 836 1022; x_wconf 84' lang='lat' dir='ltr'><strong>pn&#39;n·</strong></span> 
     </span>
     <span class='ocr_line' id='line_1_14' title="bbox 163 1023 836 1152; baseline 0 -79"><span class='ocrx_word' id='word_1_87' title='bbox 163 1025 240 1137; x_wconf 55' lang='lat' dir='ltr'><strong>{ripum</strong></span> <span class='ocrx_word' id='word_1_88' title='bbox 250 1027 339 1138; x_wconf 69' lang='lat' dir='ltr'><strong>ulieqati</strong></span> <span class='ocrx_word' id='word_1_89' title='bbox 350 1027 595 1140; x_wconf 47' lang='lat' dir='ltr'><strong>oRomaniqthdqt‘iiqiue</strong></span> <span class='ocrx_word' id='word_1_90' title='bbox 605 1025 718 1138; x_wconf 53' lang='lat' dir='ltr'><strong>thtiffi</strong></span> <span class='ocrx_word' id='word_1_91' title='bbox 726 1023 836 1152; x_wconf 46' lang='lat' dir='ltr'><strong><em>m</em></strong></span> 
     </span>
     <span class='ocr_line' id='line_1_15' title="bbox 173 1106 666 1140; baseline -0.002 -2"><span class='ocrx_word' id='word_1_92' title='bbox 173 1106 237 1138; x_wconf 88' lang='lat' dir='ltr'><strong>orum</strong></span> <span class='ocrx_word' id='word_1_93' title='bbox 248 1107 300 1140; x_wconf 86' lang='lat' dir='ltr'><strong>eran</strong></span> <span class='ocrx_word' id='word_1_94' title='bbox 318 1111 324 1140; x_wconf 76' lang='grc' dir='ltr'><strong>ι</strong></span> <span class='ocrx_word' id='word_1_95' title='bbox 353 1107 375 1138; x_wconf 88' lang='lat' dir='ltr'><strong>u1</strong></span> <span class='ocrx_word' id='word_1_96' title='bbox 408 1108 460 1138; x_wconf 86' lang='lat' dir='ltr'><strong>oum</strong></span> <span class='ocrx_word' id='word_1_97' title='bbox 571 1107 610 1138; x_wconf 92' lang='lat' dir='ltr'><strong>um</strong></span> <span class='ocrx_word' id='word_1_98' title='bbox 649 1107 666 1137; x_wconf 83' lang='lat' dir='ltr'><strong>u</strong></span> 
     </span>
    </p>

    <p class='ocr_par' dir='ltr' id='par_1_6' title="bbox 162 1107 838 1414">
     <span class='ocr_line' id='line_1_16' title="bbox 163 1107 836 1219; baseline -0.004 -14"><span class='ocrx_word' id='word_1_99' title='bbox 163 1155 255 1205; x_wconf 79' lang='lat' dir='ltr'><strong>allatum</strong></span> <span class='ocrx_word' id='word_1_100' title='bbox 266 1107 526 1219; x_wconf 63' lang='lat' dir='ltr'><strong>curetqsnliendiurnque</strong></span> <span class='ocrx_word' id='word_1_101' title='bbox 535 1156 664 1218; x_wconf 84' lang='lat' dir='ltr'><strong>impositum</strong></span> <span class='ocrx_word' id='word_1_102' title='bbox 675 1155 764 1208; x_wconf 78' lang='lat' dir='ltr'><strong>remitti,</strong></span> <span class='ocrx_word' id='word_1_103' title='bbox 776 1155 836 1205; x_wconf 75' lang='lat' dir='ltr'><strong>intes</strong></span> 
     </span>
     <span class='ocr_line' id='line_1_17' title="bbox 164 1220 838 1281; baseline 0.004 -16"><span class='ocrx_word' id='word_1_104' title='bbox 164 1227 246 1268; x_wconf 78' lang='lat' dir='ltr'><strong>metere</strong></span> <span class='ocrx_word' id='word_1_105' title='bbox 264 1237 322 1269; x_wconf 83' lang='lat' dir='ltr'><strong>vana</strong></span> <span class='ocrx_word' id='word_1_106' title='bbox 338 1221 427 1270; x_wconf 84' lang='lat' dir='ltr'><strong>allatum</strong></span> <span class='ocrx_word' id='word_1_107' title='bbox 444 1229 499 1275; x_wconf 84' lang='lat' dir='ltr'><strong>erut,</strong></span> <span class='ocrx_word' id='word_1_108' title='bbox 520 1220 689 1269; x_wconf 73' lang='lat' dir='ltr'><strong>Demetriadem</strong></span> <span class='ocrx_word' id='word_1_109' title='bbox 707 1235 798 1281; x_wconf 88' lang='lat' dir='ltr'><strong>quoque</strong></span> <span class='ocrx_word' id='word_1_110' title='bbox 814 1220 838 1268; x_wconf 88' lang='lat' dir='ltr'><strong>ei</strong></span> 
     </span>
     <span class='ocr_line' id='line_1_18' title="bbox 164 1281 835 1345; baseline -0.001 -14"><span class='ocrx_word' id='word_1_111' title='bbox 164 1283 288 1334; x_wconf 83' lang='lat' dir='ltr'><strong>reddituros</strong></span> <span class='ocrx_word' id='word_1_112' title='bbox 299 1287 416 1336; x_wconf 83' lang='lat' dir='ltr'><strong>Romanos</strong></span> <span class='ocrx_word' id='word_1_113' title='bbox 426 1302 482 1334; x_wconf 72' lang='lat' dir='ltr'><strong>esse.</strong></span> <span class='ocrx_word' id='word_1_114' title='bbox 519 1284 547 1332; x_wconf 91' lang='lat' dir='ltr'><strong>ld</strong></span> <span class='ocrx_word' id='word_1_115' title='bbox 557 1301 587 1332; x_wconf 88' lang='lat' dir='ltr'><strong>ue</strong></span> <span class='ocrx_word' id='word_1_116' title='bbox 599 1284 670 1338; x_wconf 86' lang='lat' dir='ltr'><strong>lieret,</strong></span> <span class='ocrx_word' id='word_1_117' title='bbox 681 1281 835 1345; x_wconf 73' lang='lat' dir='ltr'><strong>Eurylochus,</strong></span> 
     </span>
     <span class='ocr_line' id='line_1_19' title="bbox 162 1349 837 1414; baseline 0 -18"><span class='ocrx_word' id='word_1_118' title='bbox 162 1350 267 1413; x_wconf 76' lang='lat' dir='ltr'><strong>princeps</strong></span> <span class='ocrx_word' id='word_1_119' title='bbox 278 1351 421 1414; x_wconf 80' lang='lat' dir='ltr'><strong>Magnetum,</strong></span> <span class='ocrx_word' id='word_1_120' title='bbox 437 1350 585 1410; x_wconf 75' lang='lat' dir='ltr'><strong>factionisque</strong></span> <span class='ocrx_word' id='word_1_121' title='bbox 595 1351 643 1412; x_wconf 89' lang='lat' dir='ltr'><strong>ejus</strong></span> <span class='ocrx_word' id='word_1_122' title='bbox 651 1349 747 1410; x_wconf 88' lang='lat' dir='ltr'><strong>quidam,</strong></span> <span class='ocrx_word' id='word_1_123' title='bbox 760 1350 837 1399; x_wconf 81' lang='lat' dir='ltr'><strong>omnia</strong></span> 
     </span>
    </p>
   </div>
   <div class='ocr_carea' id='block_1_5' title="bbox 162 1414 925 1477">
    <p class='ocr_par' dir='ltr' id='par_1_7' title="bbox 162 1414 925 1477">
     <span class='ocr_line' id='line_1_20' title="bbox 162 1414 925 1477; baseline -0.005 -14"><span class='ocrx_word' id='word_1_124' title='bbox 162 1417 242 1463; x_wconf 72' lang='lat' dir='ltr'><strong>novari</strong></span> <span class='ocrx_word' id='word_1_125' title='bbox 250 1415 380 1465; x_wconf 84' lang='lat' dir='ltr'><strong>AEtolorum</strong></span> <span class='ocrx_word' id='word_1_126' title='bbox 388 1414 540 1477; x_wconf 82' lang='lat' dir='ltr'><strong>Antiochique</strong></span> <span class='ocrx_word' id='word_1_127' title='bbox 547 1414 644 1462; x_wconf 83' lang='lat' dir='ltr'><strong>adventu</strong></span> <span class='ocrx_word' id='word_1_128' title='bbox 651 1414 769 1462; x_wconf 79' lang='lat' dir='ltr'><strong>malebant.</strong></span> <span class='ocrx_word' id='word_1_129' title='bbox 785 1414 838 1462; x_wconf 84' lang='lat' dir='ltr'><strong>Ad·</strong></span> <span class='ocrx_word' id='word_1_130' title='bbox 924 1456 925 1459; x_wconf 75' lang='grc'>,</span> 
     </span>
    </p>
   </div>
   <div class='ocr_carea' id='block_1_6' title="bbox 163 1480 836 1532">
    <p class='ocr_par' dir='ltr' id='par_1_8' title="bbox 163 1480 836 1532">
     <span class='ocr_line' id='line_1_21' title="bbox 163 1480 836 1532; baseline 0.001 -6"><span class='ocrx_word' id='word_1_131' title='bbox 163 1496 243 1527; x_wconf 84' lang='lat' dir='ltr'><strong>versus</strong></span> <span class='ocrx_word' id='word_1_132' title='bbox 254 1496 293 1528; x_wconf 81' lang='lat' dir='ltr'><strong>eoa</strong></span> <span class='ocrx_word' id='word_1_133' title='bbox 304 1482 334 1528; x_wconf 87' lang='lat' dir='ltr'><strong>ita</strong></span> <span class='ocrx_word' id='word_1_134' title='bbox 344 1480 496 1527; x_wconf 86' lang='lat' dir='ltr'><strong>disserendum</strong></span> <span class='ocrx_word' id='word_1_135' title='bbox 509 1488 565 1532; x_wconf 82' lang='lat' dir='ltr'><strong>erat,</strong></span> <span class='ocrx_word' id='word_1_136' title='bbox 582 1495 618 1532; x_wconf 86' lang='lat' dir='ltr'><strong>ne,</strong></span> <span class='ocrx_word' id='word_1_137' title='bbox 636 1480 738 1525; x_wconf 87' lang='lat' dir='ltr'><strong>timorem</strong></span> <span class='ocrx_word' id='word_1_138' title='bbox 750 1494 836 1527; x_wconf 77' lang='lat' dir='ltr'><strong>vanum</strong></span> 
     </span>
    </p>
   </div>
   <div class='ocr_carea' id='block_1_7' title="bbox 77 1536 900 1606">
    <p class='ocr_par' dir='ltr' id='par_1_9' title="bbox 77 1536 900 1606">
     <span class='ocr_line' id='line_1_22' title="bbox 77 1536 900 1606; baseline 0 -15"><span class='ocrx_word' id='word_1_139' title='bbox 77 1536 79 1543; x_wconf 77' lang='lat'>&#39;</span> <span class='ocrx_word' id='word_1_140' title='bbox 163 1544 191 1591; x_wconf 81' lang='lat' dir='ltr'><strong>iis</strong></span> <span class='ocrx_word' id='word_1_141' title='bbox 210 1544 326 1599; x_wconf 84' lang='lat' dir='ltr'><strong>demendo,</strong></span> <span class='ocrx_word' id='word_1_142' title='bbox 345 1560 395 1606; x_wconf 77' lang='lat' dir='ltr'><strong>spes</strong></span> <span class='ocrx_word' id='word_1_143' title='bbox 413 1545 483 1591; x_wconf 83' lang='lat' dir='ltr'><strong>incisa</strong></span> <span class='ocrx_word' id='word_1_144' title='bbox 502 1540 628 1605; x_wconf 81' lang='lat' dir='ltr'><strong>Philippum</strong></span> <span class='ocrx_word' id='word_1_145' title='bbox 647 1544 797 1602; x_wconf 59' lang='lat' dir='ltr'><strong>ahalienm</strong></span> <span class='ocrx_word' id='word_1_146' title='bbox 812 1544 836 1591; x_wconf 90' lang='lat' dir='ltr'><strong>in</strong></span> <span class='ocrx_word' id='word_1_147' title='bbox 896 1537 900 1546; x_wconf 77' lang='grc'><strong><em>’</em></strong></span> 
     </span>
    </p>
   </div>
   <div class='ocr_carea' id='block_1_8' title="bbox 164 1608 844 2447">
    <p class='ocr_par' dir='ltr' id='par_1_10' title="bbox 164 1608 844 2447">
     <span class='ocr_line' id='line_1_23' title="bbox 164 1608 838 1672; baseline 0.004 -18"><span class='ocrx_word' id='word_1_148' title='bbox 164 1622 209 1672; x_wconf 89' lang='lat' dir='ltr'><strong>quo</strong></span> <span class='ocrx_word' id='word_1_149' title='bbox 225 1610 276 1671; x_wconf 86' lang='lat' dir='ltr'><strong>plus</strong></span> <span class='ocrx_word' id='word_1_150' title='bbox 291 1610 408 1657; x_wconf 83' lang='lat' dir='ltr'><strong>adomnia</strong></span> <span class='ocrx_word' id='word_1_151' title='bbox 424 1609 540 1662; x_wconf 81' lang='lat' dir='ltr'><strong>momenti,</strong></span> <span class='ocrx_word' id='word_1_152' title='bbox 557 1624 624 1669; x_wconf 85' lang='lat' dir='ltr'><strong>quam</strong></span> <span class='ocrx_word' id='word_1_153' title='bbox 640 1608 664 1655; x_wconf 92' lang='lat' dir='ltr'><strong>in</strong></span> <span class='ocrx_word' id='word_1_154' title='bbox 679 1608 838 1670; x_wconf 74' lang='lat' dir='ltr'><strong>Magnetrhrrs.·</strong></span> 
     </span>
     <span class='ocr_line' id='line_1_24' title="bbox 164 1672 838 1727; baseline 0.004 -6"><span class='ocrx_word' id='word_1_155' title='bbox 164 1680 231 1721; x_wconf 78' lang='lat' dir='ltr'><strong>osset.</strong></span> <span class='ocrx_word' id='word_1_156' title='bbox 261 1672 305 1721; x_wconf 91' lang='lat' dir='ltr'><strong>Illa</strong></span> <span class='ocrx_word' id='word_1_157' title='bbox 312 1680 399 1721; x_wconf 79' lang='lat' dir='ltr'><strong>temtum</strong></span> <span class='ocrx_word' id='word_1_158' title='bbox 410 1681 589 1727; x_wconf 85' lang='lat' dir='ltr'><strong>commemorata,</strong></span> <span class='ocrx_word' id='word_1_159' title='bbox 603 1681 619 1703; x_wconf 75' lang='lat'><strong>‘⁶</strong></span> <span class='ocrx_word' id='word_1_160' title='bbox 628 1689 680 1721; x_wconf 87' lang='lat' dir='ltr'><strong>cum</strong></span> <span class='ocrx_word' id='word_1_161' title='bbox 687 1680 758 1719; x_wconf 90' lang='lat' dir='ltr'><strong>totam</strong></span> <span class='ocrx_word' id='word_1_162' title='bbox 768 1674 838 1723; x_wconf 79' lang='lat' dir='ltr'><strong>Gus-</strong></span> 
     </span>
     <span class='ocr_line' id='line_1_25' title="bbox 164 1735 838 1791; baseline -0.001 -6"><span class='ocrx_word' id='word_1_163' title='bbox 164 1735 222 1785; x_wconf 83' lang='lat' dir='ltr'><strong>ciem</strong></span> <span class='ocrx_word' id='word_1_164' title='bbox 233 1737 339 1786; x_wconf 85' lang='lat' dir='ltr'><strong>beneficio</strong></span> <span class='ocrx_word' id='word_1_165' title='bbox 349 1738 455 1787; x_wconf 82' lang='lat' dir='ltr'><strong>libertatis</strong></span> <span class='ocrx_word' id='word_1_166' title='bbox 466 1738 585 1785; x_wconf 82' lang='lat' dir='ltr'><strong>obnoxiam</strong></span> <span class='ocrx_word' id='word_1_167' title='bbox 596 1737 706 1785; x_wconf 84' lang='lat' dir='ltr'><strong>Romanis</strong></span> <span class='ocrx_word' id='word_1_168' title='bbox 717 1753 774 1791; x_wconf 79' lang='lat' dir='ltr'><strong>esse,</strong></span> <span class='ocrx_word' id='word_1_169' title='bbox 786 1746 838 1788; x_wconf 80' lang='lat' dir='ltr'><strong>tum</strong></span> 
     </span>
     <span class='ocr_line' id='line_1_26' title="bbox 165 1801 838 1865; baseline 0 -16"><span class='ocrx_word' id='word_1_170' title='bbox 165 1816 215 1849; x_wconf 84' lang='lat' dir='ltr'><strong>eam</strong></span> <span class='ocrx_word' id='word_1_171' title='bbox 232 1801 344 1851; x_wconf 69' lang='lat' dir='ltr'><strong>dvitnum</strong></span> <span class='ocrx_word' id='word_1_172' title='bbox 361 1805 480 1865; x_wconf 61' lang='lat' dir='ltr'><strong>praecipue.</strong></span> <span class='ocrx_word' id='word_1_173' title='bbox 516 1802 550 1849; x_wconf 88' lang='lat' dir='ltr'><strong>lbi</strong></span> <span class='ocrx_word' id='word_1_174' title='bbox 566 1802 626 1849; x_wconf 86' lang='lat' dir='ltr'><strong>enim</strong></span> <span class='ocrx_word' id='word_1_175' title='bbox 645 1817 692 1849; x_wconf 90' lang='lat' dir='ltr'><strong>nou</strong></span> <span class='ocrx_word' id='word_1_176' title='bbox 706 1804 838 1863; x_wconf 62' lang='lat' dir='ltr'><strong>praesidium</strong></span> 
     </span>
     <span class='ocr_line' id='line_1_27' title="bbox 165 1866 844 1928; baseline 0.009 -15"><span class='ocrx_word' id='word_1_177' title='bbox 165 1866 234 1914; x_wconf 88' lang='lat' dir='ltr'><strong>modo</strong></span> <span class='ocrx_word' id='word_1_178' title='bbox 251 1866 403 1915; x_wconf 86' lang='lat' dir='ltr'><strong>Macedonum</strong></span> <span class='ocrx_word' id='word_1_179' title='bbox 419 1868 495 1921; x_wconf 86' lang='lat' dir='ltr'><strong>fuisse,</strong></span> <span class='ocrx_word' id='word_1_180' title='bbox 514 1868 553 1915; x_wconf 84' lang='lat' dir='ltr'><strong>sed</strong></span> <span class='ocrx_word' id='word_1_181' title='bbox 567 1868 651 1928; x_wconf 80' lang='lat' dir='ltr'><strong>regiam</strong></span> <span class='ocrx_word' id='word_1_182' title='bbox 667 1866 844 1923; x_wconf 69' lang='lat' dir='ltr'><strong>exaedismtsm.</strong></span> 
     </span>
     <span class='ocr_line' id='line_1_28' title="bbox 166 1932 838 2059; baseline 0.004 -16"><span class='ocrx_word' id='word_1_183' title='bbox 166 1934 444 2059; x_wconf 58' lang='lat' dir='ltr'><strong>ht‘tttt‘ttttt</strong></span> <span class='ocrx_word' id='word_1_184' title='bbox 451 1932 838 2049; x_wconf 59' lang='lat' dir='ltr'><strong>‘&#39;tlfflrtttttttth</strong></span> 
     </span>
     <span class='ocr_line' id='line_1_29' title="bbox 166 2058 840 2125; baseline 0.006 -20"><span class='ocrx_word' id='word_1_185' title='bbox 166 2058 190 2105; x_wconf 87' lang='lat' dir='ltr'><strong>in</strong></span> <span class='ocrx_word' id='word_1_186' title='bbox 202 2059 298 2122; x_wconf 84' lang='lat' dir='ltr'><strong>Philippi</strong></span> <span class='ocrx_word' id='word_1_187' title='bbox 310 2064 394 2125; x_wconf 78' lang='lat' dir='ltr'><strong>regiam</strong></span> <span class='ocrx_word' id='word_1_188' title='bbox 405 2060 546 2115; x_wconf 79' lang='lat' dir='ltr'><strong>adducerent,</strong></span> <span class='ocrx_word' id='word_1_189' title='bbox 558 2068 582 2108; x_wconf 86' lang='lat' dir='ltr'><strong>et</strong></span> <span class='ocrx_word' id='word_1_190' title='bbox 591 2076 664 2108; x_wconf 81' lang='lat' dir='ltr'><strong>novus</strong></span> <span class='ocrx_word' id='word_1_191' title='bbox 674 2067 698 2107; x_wconf 87' lang='lat' dir='ltr'><strong>et</strong></span> <span class='ocrx_word' id='word_1_192' title='bbox 708 2060 840 2123; x_wconf 79' lang='lat' dir='ltr'><strong>incognitus</strong></span> 
     </span>
     <span class='ocr_line' id='line_1_30' title="bbox 165 2124 843 2189; baseline 0.004 -19"><span class='ocrx_word' id='word_1_193' title='bbox 165 2138 208 2187; x_wconf 80' lang='lat' dir='ltr'><strong>pro</strong></span> <span class='ocrx_word' id='word_1_194' title='bbox 221 2133 297 2173; x_wconf 83' lang='lat' dir='ltr'><strong>vetere</strong></span> <span class='ocrx_word' id='word_1_195' title='bbox 308 2135 331 2173; x_wconf 89' lang='lat' dir='ltr'><strong>et</strong></span> <span class='ocrx_word' id='word_1_196' title='bbox 341 2134 434 2189; x_wconf 82' lang='lat' dir='ltr'><strong>experto</strong></span> <span class='ocrx_word' id='word_1_197' title='bbox 445 2126 557 2173; x_wconf 83' lang='lat' dir='ltr'><strong>habendus</strong></span> <span class='ocrx_word' id='word_1_198' title='bbox 568 2140 608 2173; x_wconf 84' lang='lat' dir='ltr'><strong>rex</strong></span> <span class='ocrx_word' id='word_1_199' title='bbox 618 2124 704 2173; x_wconf 83' lang='lat' dir='ltr'><strong>esset.”</strong></span> <span class='ocrx_word' id='word_1_200' title='bbox 737 2125 843 2188; x_wconf 59' lang='lat' dir='ltr'><strong>Magne,</strong></span> 
     </span>
     <span class='ocr_line' id='line_1_31' title="bbox 165 2188 839 2255; baseline -0.003 -16"><span class='ocrx_word' id='word_1_201' title='bbox 165 2190 257 2239; x_wconf 80' lang='lat' dir='ltr'><strong>tarehen</strong></span> <span class='ocrx_word' id='word_1_202' title='bbox 269 2206 380 2239; x_wconf 87' lang='lat' dir='ltr'><strong>summum</strong></span> <span class='ocrx_word' id='word_1_203' title='bbox 392 2192 547 2255; x_wconf 83' lang='lat' dir='ltr'><strong>magistratum</strong></span> <span class='ocrx_word' id='word_1_204' title='bbox 558 2198 653 2237; x_wconf 82' lang='lat' dir='ltr'><strong>vocant:</strong></span> <span class='ocrx_word' id='word_1_205' title='bbox 671 2190 691 2235; x_wconf 88' lang='lat' dir='ltr'><strong>is</strong></span> <span class='ocrx_word' id='word_1_206' title='bbox 702 2197 750 2236; x_wconf 87' lang='lat' dir='ltr'><strong>tum</strong></span> <span class='ocrx_word' id='word_1_207' title='bbox 759 2188 839 2252; x_wconf 83' lang='lat' dir='ltr'><strong>Eury·</strong></span> 
     </span>
     <span class='ocr_line' id='line_1_32' title="bbox 165 2253 840 2318; baseline 0.003 -17"><span class='ocrx_word' id='word_1_208' title='bbox 165 2253 245 2301; x_wconf 86' lang='lat' dir='ltr'><strong>lochus</strong></span> <span class='ocrx_word' id='word_1_209' title='bbox 259 2263 320 2302; x_wconf 81' lang='lat' dir='ltr'><strong>erat:</strong></span> <span class='ocrx_word' id='word_1_210' title='bbox 339 2273 365 2305; x_wconf 82' lang='lat' dir='ltr'><strong>ac</strong></span> <span class='ocrx_word' id='word_1_211' title='bbox 376 2262 487 2318; x_wconf 79' lang='lat' dir='ltr'><strong>potestste</strong></span> <span class='ocrx_word' id='word_1_212' title='bbox 497 2253 523 2302; x_wconf 78' lang='lat' dir='ltr'><strong>eri</strong></span> <span class='ocrx_word' id='word_1_213' title='bbox 532 2255 610 2309; x_wconf 63' lang='lat' dir='ltr'><strong>fraus,</strong></span> <span class='ocrx_word' id='word_1_214' title='bbox 628 2255 719 2317; x_wconf 81' lang='lat' dir='ltr'><strong>negavit</strong></span> <span class='ocrx_word' id='word_1_215' title='bbox 732 2254 840 2303; x_wconf 81' lang='lat' dir='ltr'><strong>dissimu-</strong></span> 
     </span>
     <span class='ocr_line' id='line_1_33' title="bbox 166 2318 841 2383; baseline 0.001 -16"><span class='ocrx_word' id='word_1_216' title='bbox 166 2318 257 2367; x_wconf 82' lang='lat' dir='ltr'><strong>landum</strong></span> <span class='ocrx_word' id='word_1_217' title='bbox 269 2321 308 2368; x_wconf 81' lang='lat' dir='ltr'><strong>sihi</strong></span> <span class='ocrx_word' id='word_1_218' title='bbox 320 2328 343 2368; x_wconf 86' lang='lat' dir='ltr'><strong>et</strong></span> <span class='ocrx_word' id='word_1_219' title='bbox 351 2322 497 2383; x_wconf 78' lang='lat' dir='ltr'><strong>Magnetibus</strong></span> <span class='ocrx_word' id='word_1_220' title='bbox 508 2335 563 2374; x_wconf 84' lang='lat' dir='ltr'><strong>esse,</strong></span> <span class='ocrx_word' id='word_1_221' title='bbox 576 2335 627 2380; x_wconf 71' lang='lat' dir='ltr'><strong>quae</strong></span> <span class='ocrx_word' id='word_1_222' title='bbox 637 2320 697 2368; x_wconf 81' lang='lat' dir='ltr'><strong>sama</strong></span> <span class='ocrx_word' id='word_1_223' title='bbox 706 2318 800 2381; x_wconf 66' lang='lat' dir='ltr'><strong>irrigata</strong></span> <span class='ocrx_word' id='word_1_224' title='bbox 810 2320 841 2368; x_wconf 84' lang='lat' dir='ltr'><strong>de</strong></span> 
     </span>
     <span class='ocr_line' id='line_1_34' title="bbox 167 2383 838 2447; baseline 0.001 -19"><span class='ocrx_word' id='word_1_225' title='bbox 167 2383 279 2433; x_wconf 75' lang='lat' dir='ltr'><strong>reddense</strong></span> <span class='ocrx_word' id='word_1_226' title='bbox 297 2386 443 2433; x_wconf 87' lang='lat' dir='ltr'><strong>Demetriade</strong></span> <span class='ocrx_word' id='word_1_227' title='bbox 461 2384 566 2447; x_wconf 84' lang='lat' dir='ltr'><strong>Philippo</strong></span> <span class='ocrx_word' id='word_1_228' title='bbox 582 2385 654 2431; x_wconf 75' lang='lat' dir='ltr'><strong>foretz</strong></span> <span class='ocrx_word' id='word_1_229' title='bbox 677 2384 701 2430; x_wconf 89' lang='lat' dir='ltr'><strong>id</strong></span> <span class='ocrx_word' id='word_1_230' title='bbox 718 2399 748 2430; x_wconf 91' lang='lat' dir='ltr'><strong>ne</strong></span> <span class='ocrx_word' id='word_1_231' title='bbox 765 2383 838 2439; x_wconf 80' lang='lat' dir='ltr'><strong>fieret,</strong></span> 
     </span>
    </p>
   </div>
   <div class='ocr_carea' id='block_1_9' title="bbox 74 2443 842 2511">
    <p class='ocr_par' dir='ltr' id='par_1_11' title="bbox 74 2443 842 2511">
     <span class='ocr_line' id='line_1_35' title="bbox 74 2443 842 2511; baseline 0.005 -20"><span class='ocrx_word' id='word_1_232' title='bbox 74 2458 78 2467; x_wconf 77' lang='lat'><em>¹</em></span> <span class='ocrx_word' id='word_1_233' title='bbox 167 2448 243 2494; x_wconf 86' lang='lat' dir='ltr'><strong>omnia</strong></span> <span class='ocrx_word' id='word_1_234' title='bbox 256 2457 280 2495; x_wconf 91' lang='lat' dir='ltr'><strong>et</strong></span> <span class='ocrx_word' id='word_1_235' title='bbox 294 2450 395 2497; x_wconf 75' lang='lat' dir='ltr'><strong>cauenda</strong></span> <span class='ocrx_word' id='word_1_236' title='bbox 409 2457 432 2496; x_wconf 88' lang='lat' dir='ltr'><strong>et</strong></span> <span class='ocrx_word' id='word_1_237' title='bbox 446 2443 547 2497; x_wconf 83' lang='lat' dir='ltr'><strong>audenda</strong></span> <span class='ocrx_word' id='word_1_238' title='bbox 556 2448 703 2511; x_wconf 75' lang='lat' dir='ltr'><strong>Mugnetrhru</strong></span> <span class='ocrx_word' id='word_1_239' title='bbox 712 2463 769 2495; x_wconf 83' lang='lat' dir='ltr'><strong>esse.</strong></span> <span class='ocrx_word' id='word_1_240' title='bbox 805 2448 842 2497; x_wconf 83' lang='lat' dir='ltr'><strong>Et</strong></span> 
     </span>
    </p>
   </div>
   <div class='ocr_carea' id='block_1_10' title="bbox 162 2508 847 2647">
    <p class='ocr_par' dir='ltr' id='par_1_12' title="bbox 162 2508 847 2647">
     <span class='ocr_line' id='line_1_36' title="bbox 167 2508 841 2574; baseline 0.006 -16"><span class='ocrx_word' id='word_1_241' title='bbox 167 2508 226 2558; x_wconf 81' lang='lat' dir='ltr'><strong>inter</strong></span> <span class='ocrx_word' id='word_1_242' title='bbox 240 2512 327 2561; x_wconf 86' lang='lat' dir='ltr'><strong>dicendi</strong></span> <span class='ocrx_word' id='word_1_243' title='bbox 342 2514 508 2561; x_wconf 84' lang='lat' dir='ltr'><strong>contentionem</strong></span> <span class='ocrx_word' id='word_1_244' title='bbox 524 2515 669 2561; x_wconf 84' lang='lat' dir='ltr'><strong>inconsultius</strong></span> <span class='ocrx_word' id='word_1_245' title='bbox 683 2520 776 2559; x_wconf 78' lang='lat' dir='ltr'><strong>evectus</strong></span> <span class='ocrx_word' id='word_1_246' title='bbox 785 2528 841 2574; x_wconf 85' lang='lat' dir='ltr'><strong>pro·</strong></span> 
     </span>
     <span class='ocr_line' id='line_1_37' title="bbox 162 2570 847 2647; baseline 0 -20"><span class='ocrx_word' id='word_1_247' title='bbox 162 2570 226 2632; x_wconf 55' lang='lat' dir='ltr'><strong>istit</strong></span> <span class='ocrx_word' id='word_1_248' title='bbox 253 2584 269 2607; x_wconf 85' lang='lat'><strong>“</strong></span> <span class='ocrx_word' id='word_1_249' title='bbox 280 2576 341 2625; x_wconf 91' lang='lat' dir='ltr'><strong>Tum</strong></span> <span class='ocrx_word' id='word_1_250' title='bbox 360 2594 449 2641; x_wconf 80' lang='lat' dir='ltr'><strong>quoque</strong></span> <span class='ocrx_word' id='word_1_251' title='bbox 467 2579 542 2640; x_wconf 68' lang='lat' dir='ltr'><strong>spone</strong></span> <span class='ocrx_word' id='word_1_252' title='bbox 558 2579 648 2627; x_wconf 81' lang='lat' dir='ltr'><strong>liberum</strong></span> <span class='ocrx_word' id='word_1_253' title='bbox 667 2577 847 2647; x_wconf 68' lang='lat' dir='ltr'><strong>Demetriadem,</strong></span> 
     </span>
    </p>
   </div>
   <div class='ocr_carea' id='block_1_11' title="bbox 0 0 944 2925">
    <p class='ocr_par' dir='ltr' id='par_1_13' title="bbox 0 0 944 2925">
     <span class='ocr_line' id='line_1_38' title="bbox 0 0 944 2925; baseline 0 0"><span class='ocrx_word' id='word_1_254' title='bbox 0 0 944 2925; x_wconf 95' lang='lat' dir='ltr'><strong> </strong></span> 
     </span>
    </p>
   </div>
  </div>
 </body>
</html>
