1867 2925
199 117 230 174 Τ.
240 123 329 175 -LIVII
345 123 400 176 Lm.
410 123 524 176 mxv.
543 125 604 180 Cn.
617 127 658 178 51.
715 131 765 180 hid

86 253 158 306 ,min
177 216 249 304 dense
267 223 429 318 Polyxenidam
445 255 515 306 minii
522 275 528 306 a
552 260 602 322 ipsa
615 257 700 322 peuoos
714 269 767 324 poia

96 319 144 370 dien
154 337 195 370 sex
205 319 274 368 millio
287 337 378 372 suarum
393 323 497 378 millium,
514 331 544 378 ei,
561 339 590 371 ex
601 323 632 372 'oi
642 323 705 388 eopii
714 341 768 388 quae

96 387 185 436 laomim
195 395 287 449 repente
297 387 372 450 colligi
383 390 462 450 potuit,
479 403 525 435 non
539 391 572 436 iia
581 391 665 436 multos
675 390 768 438 AEtoloa

96 453 164 516 ducit.
200 451 416 515 Achaeiquingenti,
432 462 454 500 et
470 456 497 500 ab
511 455 616 502 Emnene
630 469 685 516 rego
695 454 769 502 modi·

96 526 148 566 osuii
163 517 270 564 auxillum
287 518 387 572 missum,
405 518 461 565 duee
476 519 602 566 Xenoclide
618 517 767 574 Cinddend,

96 581 196 628 nondum
208 583 303 630 obsessis
314 583 435 636 itineribus,
448 585 639 646 tutonenagressi
647 584 767 646 Euaipum,

97 645 227 696 Chalcidem
243 656 400 710 pervenerunt.
435 647 533 694 Romnnl
546 649 635 702 milites,
651 647 770 712 quingenti

94 709 165 774 femie
175 719 200 757 el
210 712 259 773 ipsi,
272 725 323 758 oum
330 714 378 774 Jnm
387 713 510 775 Menippus
518 720 590 760 castra
597 721 649 761 anto
657 713 769 776 Salgunoe

94 777 123 824 nd
134 775 278 828 Hermaeum,
295 775 339 838 quai
354 779 460 824 transitus
475 793 505 824 ox
520 777 611 825 Boeotii
620 779 644 824 in
654 779 768 826 Euboem

94 841 191 887 insulem
203 848 245 893 est,
257 843 353 895 haberet,
366 850 484 889 venerunt.
519 843 601 890 Minio
611 851 659 890 erat
669 859 721 890 cum
731 843 766 898 iis,

95 906 185 968 legatus
196 919 210 952 e
221 904 328 953 Chalcide
339 906 367 952 nd
380 905 508 961 Quintium,
522 908 551 954 ad
565 908 588 953 id
602 909 674 970 ipsum
689 909 769 970 praesi-

96 971 157 1016 dium
174 971 302 1032 petendum,
321 971 418 1029 missum
437 973 477 1033 qui
492 981 609 1034 postquam
626 974 727 1019 obsesses
741 973 769 1018 ab

96 1035 198 1082 hostibus
208 1033 284 1081 fauces
294 1036 356 1090 vidit,
369 1038 452 1083 omisso
463 1038 492 1083 ad
503 1037 607 1084 Aulidem
618 1038 705 1092 itinere,
717 1035 770 1084 De-

94 1099 149 1146 lium
161 1100 281 1153 convertit,
295 1107 319 1146 ut
329 1101 381 1148 inde
391 1102 414 1147 in
425 1101 537 1148 Euboeam
549 1103 725 1149 transmissurus.

127 1163 172 1212 LI.
199 1163 320 1226 Templum
340 1173 375 1212 est
393 1165 505 1228 Apollinis
524 1165 625 1220 Delium,
648 1169 768 1214 imminens

95 1230 164 1276 mori:
186 1229 284 1290 quinque
294 1230 363 1276 millia
372 1247 478 1291 passuum
489 1246 502 1276 a
512 1229 618 1292 Tanagri
632 1232 707 1277 abest:
725 1231 769 1276 mi-

95 1310 137 1340 uus
148 1301 247 1356 quatuor
257 1295 350 1340 millium
361 1295 412 1341 inde
419 1297 442 1340 in
451 1296 553 1356 proxima
561 1295 657 1341 Euboeae
668 1301 703 1340 est
712 1296 769 1340 mari

96 1361 210 1422 trajectus.
248 1357 294 1404 Ubi
304 1366 329 1405 et
338 1361 361 1404 in
372 1359 424 1406 fano
435 1361 538 1420 lucoque,
552 1357 578 1405 ed
589 1359 698 1419 religione
708 1365 731 1402 et
741 1373 769 1404 eo

92 1425 143 1487 jure
153 1430 242 1477 sancto,
260 1439 304 1485 quo
315 1432 367 1471 sunt
378 1425 461 1487 templa
472 1440 523 1486 quae
533 1423 596 1485 asyla
607 1422 684 1471 Graeei
695 1422 770 1485 appel·

95 1490 148 1543 lant,
168 1498 193 1535 et
206 1488 306 1535 noudum
319 1496 357 1537 aut
371 1490 453 1537 indicto
466 1490 531 1547 bello,
550 1497 588 1536 out
604 1490 636 1534 ita
649 1487 769 1535 commisso

96 1562 120 1601 ut
139 1555 233 1601 strictos
251 1554 338 1615 gladios
359 1554 551 1617 out·snnguinem
573 1568 667 1615 usquam
684 1552 770 1599 sactum

96 1617 220 1671 audissent,
241 1634 292 1665 cum
311 1635 350 1681 per
365 1622 476 1681 'magnum
493 1620 563 1666 otium
580 1620 668 1673 milites,
689 1618 725 1665 alii
741 1617 770 1664 ad

97 1684 250 1747 spectandum
261 1684 337 1745 templi
348 1685 437 1746 lucique
447 1685 512 1739 versi,
525 1685 561 1730 alii
569 1684 592 1729 in
600 1686 665 1731 litore
672 1685 771 1730 inermes

97 1758 242 1812 augmentur,
259 1763 341 1811 magna
355 1764 405 1811 pars
420 1765 460 1811 per
474 1765 541 1811 agros
555 1749 665 1812 lignatum
679 1748 771 1809 pabula-

98 1821 191 1875 tumque
199 1814 283 1875 dilapsa
293 1824 364 1871 esset3
380 1821 472 1876 repente
482 1814 612 1877 Menippus,
623 1813 709 1875 palatos
719 1826 771 1873 pas·

97 1880 139 1928 uim
158 1894 289 1941 aggressus,
312 1894 351 1925 eos
372 1879 458 1932 cecidit,
481 1878 509 1924 ad
528 1879 688 1939 quinquaginta
705 1877 771 1923 vivos

97 1945 170 2006 oepit:
193 1943 298 2005 perpauci
314 1942 446 2006 effugerunt,
464 1944 488 1989 in
503 1944 582 2003 quibus
596 1943 686 1996 Miotio,
701 1940 771 2004 parvi

98 2006 200 2057 anetaxii
208 2024 266 2055 nave
274 2017 389 2069 exceptus.
415 2008 451 2055 Ea
460 2024 495 2054 res
505 2008 599 2061 Quintio
608 2007 768 2068 Romanisque,

97 2074 156 2121 sicul
162 2070 253 2136 jacturi
263 2074 358 2120 militum
369 2074 470 2125 molesta,
483 2072 515 2118 ita
522 2072 596 2134 adjus
603 2072 711 2119 inferendi
720 2073 771 2118 An-

99 2140 174 2185 u'ocho
191 2138 242 2183 belli
258 2138 364 2201 adjecisse
378 2138 515 2198 aliquantum
530 2138 651 2202 videbatur.
688 2136 771 2183 Aulio-

98 2204 161 2257 ohus,
177 2203 269 2249 admoto
284 2202 312 2249 nd
327 2202 432 2249 Aulidem
447 2202 553 2256 exercitu,
570 2217 621 2249 oum
633 2216 709 2248 rursus
720 2214 771 2245 ora-

99 2275 166 2321 tores,
179 2268 260 2329 partim
271 2282 300 2313 ex
311 2268 364 2321 suis,
379 2267 460 2329 parlim
471 2267 570 2321 AEtoloa,
587 2265 717 2314 Chalcidem
728 2262 772 2307 mi·

100 2334 172 2386 sisset,
185 2332 223 2393 qui
235 2332 311 2379 eadem
322 2332 365 2385 illa,
378 2348 429 2391 quae
438 2333 579 2392 nuper,'cum
588 2330 655 2375 minis
663 2326 773 2389 gravion-

99 2398 141 2444 bus
151 2404 253 2459 agerent,
270 2396 418 2457 nequidquam
433 2403 512 2441 contra
526 2394 638 2440 Mictione
652 2399 676 2436 et
691 2388 772 2463 Xena-

100 2462 158 2509 elide
173 2461 322 2514 tendentibus,
339 2459 404 2506 facile
420 2460 500 2512 tenuit,
518 2466 543 2503 ut
558 2463 630 2517 portae
647 2454 686 2499 sibi
701 2468 773 2514 apen-

100 2533 185 2573 rentur·
222 2524 270 2579 Qui
288 2524 400 2571 Romanae
419 2524 488 2585 partis
505 2527 575 2572 erent,
595 2518 636 2563 sub
651 2518 772 2591 adventum

101 2590 160 2651 regis
173 2590 227 2637 urbe
237 2596 388 2635 excesserunt.
424 2588 563 2633 Achaeorum
575 2588 599 2627 et
609 2580 719 2627 Eumenis
729 2595 774 2625 mi-

14 2654 15 2659 ’
98 2642 150 2705 uas
169 2654 283 2717 Salgane·
300 2654 412 2701 teneam.
451 2650 486 2698 m
503 2650 527 2693 in
548 2644 635 2707 euripo
657 2645 773 2693 catenum

498 2713 547 2759 τε
