1867 2925
184 140 215 189 Τ.
229 139 315 197 mvn
331 140 384 189 Lm.
395 138 534 189 XXXVII.
555 136 614 191 Car.
626 142 649 188 5.
705 142 751 197 29¹1

88 270 169 326 AEtoll,
181 279 297 334 postquam
311 273 380 335 legati
392 273 421 319 ab
434 269 512 319 Romi
526 272 654 324 retulerunt,
671 270 754 319 nullam

89 351 151 399 apem
161 337 223 397 pacis
234 352 289 391 csse,
300 352 434 399 quamquam
447 336 520 382 omnis
536 352 577 383 ora
590 336 700 393 maritima
715 350 755 381 eo-

89 415 149 453 rum,
161 415 211 461 quae
221 400 244 445 in
256 400 436 463 Peloponnesum
449 416 514 447 versa
526 407 567 454 est,
583 400 714 462 depopulata
726 400 754 447 ab

88 463 183 510 Achaeis
192 472 246 518 erat,
258 466 349 527 periculi
360 466 432 527 magis
442 480 509 525 quarn
520 465 594 511 damni
602 479 718 517 memores,
729 470 754 515 ut

89 527 201 577 Romanis
214 530 386 577 intercluderent
397 531 445 583 iter,
458 529 568 579 Coracem
578 536 678 576 montem
689 542 756 574 occu·

89 600 211 655 paverunt:
231 595 373 655 nequeenim
384 595 557 657 dubitabantad
567 593 755 655 oppugnationem

88 655 204 717 Naupacti
220 673 259 703 eos
274 660 382 720 principio
392 660 451 705 veris
462 659 570 705 redituros
581 674 637 705 esse.
672 656 753 711 Acilio,

90 721 129 781 qui
139 722 163 767 id
173 724 296 783 exspectari
307 724 395 775 sciebat,
411 723 480 769 satius
491 724 564 769 visum
575 732 609 769 est
619 722 755 783 inopinatam

90 785 184 847 aggredi
198 802 253 840 rem,
267 793 291 833 et
302 786 405 833 Lamiam
418 802 560 848 oppugnare:
579 802 631 835 nam
642 794 664 835 et
675 802 689 832 a
702 784 756 833 Phi·

90 849 152 910 lippo
166 864 236 911 prope
251 852 279 896 ad
292 852 413 897 exscidium
429 852 535 897 adductos
550 867 613 908 esse;
631 859 654 897 et
665 858 718 896 tunc
729 864 757 896 eo

91 913 148 973 ipso,
159 914 219 973 quod
229 916 284 960 nihil
294 916 337 962 tale
344 916 454 968 timerent,
467 916 560 977 opprimi
571 918 671 962 incautos
682 928 755 976 posse.

91 976 213 1024 Profectus
228 980 255 1025 ab
266 978 348 1033 Elatia,
361 981 457 1041 primum
473 980 495 1025 in
512 981 610 1035 hostium
626 977 684 1027 terri
700 978 758 1027 circa

93 1040 227 1103 Sperchium
246 1058 333 1089 amnem
350 1046 425 1105 posuit
441 1052 525 1091 castra:
545 1046 596 1091 inde
610 1051 676 1091 nocte
690 1042 758 1092 motis

90 1106 170 1168 signis,
183 1106 254 1167 primi
264 1108 313 1153 luce
323 1107 405 1155 corond
415 1110 498 1155 moenia
509 1116 543 1157 est
553 1124 680 1175 aggressus.

125 1169 157 1215 V.
176 1170 279 1232 Magnus
289 1187 391 1233 pavorac
399 1173 515 1226 tumultus,
528 1175 586 1220 utin
598 1190 621 1219 re
629 1170 756 1233 improvisi,

91 1234 149 1281 fuit:
166 1236 305 1284 constantius
315 1244 396 1289 tamen,
408 1249 474 1296 quam
486 1238 534 1298 quis
544 1237 642 1285 facturos
650 1237 757 1289 crederet,

92 1300 116 1344 in
127 1306 175 1345 tam
193 1300 264 1345 subito
281 1301 384 1361 periculo,
405 1318 455 1348 cum
475 1303 516 1348 viri
534 1309 706 1363 propugnarent,
724 1300 759 1350 fe,-

92 1364 161 1409 minae
172 1364 218 1409 tela
228 1366 301 1411 omnis
311 1366 399 1427 generis
414 1381 509 1427 saxaque
522 1366 546 1411 in
557 1380 633 1411 muros
646 1371 756 1425 gererent,

86 1430 138 1491 jam
153 1427 297 1476 mutifariam
311 1430 375 1478 scalis
386 1432 498 1496 appositis,
511 1431 587 1477 urbem
599 1445 625 1478 eo
637 1430 671 1476 die
682 1426 759 1475 defen-

91 1494 181 1547 derunt.
217 1494 310 1547 Acilius,
323 1496 388 1557 signo
399 1497 496 1558 receptui
508 1497 566 1549 dato,
582 1510 634 1542 suos
649 1495 672 1540 in
687 1500 759 1545 castra

91 1558 166 1604 medio
177 1557 248 1604 ferme
258 1559 294 1605 die
305 1560 404 1614 redimit:
424 1570 447 1608 et
457 1569 511 1607 tunc
528 1561 575 1606 cibo
594 1567 616 1608 et
633 1561 706 1621 quiete
723 1575 759 1607 re·

90 1621 155 1678 fectis
164 1623 300 1685 corporibus,
312 1625 438 1686 priusquam
446 1626 575 1686 praetorium
584 1625 710 1677 dimitteret,
720 1623 760 1672 de-

90 1687 210 1740 nuntiavit,
222 1695 248 1734 ut
258 1694 310 1734 ante
320 1689 392 1736 lucem
403 1691 481 1736 armati
491 1691 604 1751 paratique
611 1697 696 1737 essent:
716 1689 760 1736 nisi

90 1750 221 1813 expugnati
236 1753 296 1806 urbe,
314 1769 339 1799 se
354 1770 392 1800 eos
409 1755 432 1800 in
449 1761 520 1801 castra
531 1769 576 1802 non
588 1751 758 1801 reducturum·”

90 1814 183 1864 Eodem
194 1823 301 1877 ternpore,
313 1833 358 1878 quo
368 1818 444 1880 pridie,
456 1819 555 1880 pluribus
564 1819 620 1865 locis
630 1831 758 1880 aggressus,

91 1892 146 1927 cum
157 1880 279 1941 oppidanos
285 1883 334 1943 jam
343 1883 409 1936 vires,
422 1887 471 1944 Jam
489 1883 538 1935 tela,
555 1885 602 1944 jam
618 1890 670 1929 ante
686 1882 761 1931 omnia

89 1945 181 1992 animus
192 1944 302 1998 deficeret,
313 1945 370 1993 intra
378 1963 459 2008 paucas
467 1949 532 1993 horas
540 1949 616 1993 urbem
625 1947 690 2009 cepit¹
716 1945 759 2000 Ibi,

92 2009 176 2071 partim
187 2008 305 2063 divenditi,
316 2011 396 2072 partim
407 2010 477 2057 dirisi
489 2010 571 2072 praedi,
587 2013 703 2058 consilium
721 2013 761 2058 ha·

92 2074 173 2126 bitum,
188 2073 241 2133 quid
252 2074 331 2120 deinde
344 2074 433 2122 faceret.
468 2075 560 2122 Nemini
575 2076 603 2123 ad
618 2075 760 2138 Naupactum

92 2138 120 2184 iri
130 2139 221 2202 placuit,
235 2146 342 2199 occupato
350 2141 377 2186 ad
389 2139 497 2188 Coracem
509 2142 535 2186 ab
547 2140 630 2187 AEtolis
642 2143 714 2188 saltn:
732 2154 761 2186 ne

93 2209 172 2248 tamen
183 2202 262 2263 segnia
272 2205 350 2250 aestiva
359 2212 441 2257 essent,
454 2213 477 2251 et
485 2203 557 2252 AEtoh
569 2221 614 2252 non
623 2207 762 2267 impetratam

93 2281 173 2327 paoem
186 2267 214 2312 ab
224 2274 302 2313 senatu
317 2269 459 2315 nihilominus
474 2285 513 2330 per
525 2286 586 2316 suam
598 2269 762 2322 cunctationem

92 2331 208 2383 haberent,
219 2347 347 2392 oppugnare
358 2333 445 2381 Acilius
455 2334 600 2395 Amphissam
609 2333 693 2380 statuit.
723 2331 761 2376 Ab

94 2393 210 2441 Heraclei
223 2411 263 2456 per
275 2397 354 2443 OEtam
364 2399 474 2444 exercitus
490 2415 518 2446 eo
534 2400 620 2448 ductus.
656 2394 716 2444 Cum
733 2395 761 2442 ad

93 2460 180 2506 moenia
195 2467 267 2506 castra
282 2462 398 2521 posuisset,
417 2478 463 2510 non
478 2461 566 2514 coronal,
582 2463 639 2508 sicut
650 2458 760 2513 Lamiam,

89 2523 135 2574 aed
145 2525 255 2585 operibns,
268 2541 396 2586 oppugnare
411 2528 488 2573 urbem
505 2533 539 2572 est
554 2525 652 2571 adortus.
688 2523 762 2574 Pluri-

92 2589 135 2644 lius
145 2589 213 2634 simul
223 2589 278 2634 locis
291 2591 348 2645 aries
358 2592 531 2644 admovebatur;
548 2595 571 2634 et
582 2603 633 2633 cum
644 2595 763 2648 quateren-

93 2657 130 2702 tur
141 2652 208 2707 muri,
221 2653 275 2699 nihil
284 2653 390 2702 adversus
403 2655 447 2702 tale
460 2651 629 2710 machinationis
640 2665 764 2716 genuspa-

829 2717 921 2902 fl
