1867 2925
193 122 224 173 T.
236 121 322 171 LIVII
340 121 393 171 Lu.
407 121 522 171 XXXII.
542 78 603 173 cm.
619 128 658 174 12.
734 130 767 172 68

94 253 159 308 mem,
177 254 226 301 ire:
246 254 290 307 ubi,
305 260 331 299 ut
346 252 494 315 polliceretur,
509 270 576 317 nuper
586 261 654 317 ceput
668 254 768 303 bestium

95 326 226 381 perventum
238 320 274 372 sit,
286 318 349 365 fumo
364 319 417 367 dare
433 320 536 381 siguum:
556 334 598 367 uec
615 328 668 367 ante
682 321 768 367 clamo-

96 400 141 431 rem
152 384 238 437 tollere,
251 400 317 446 quam
329 385 356 431 ab
367 398 392 430 se
403 384 469 446 signo
483 392 575 447 accepto
589 399 689 447 pugnam
704 400 768 448 coep·

95 456 139 497 tam
153 450 255 497 arbitrari
271 457 354 511 posset.
391 448 467 497 Nocte
484 451 564 497 itinera
579 449 628 497 fieri
641 450 713 512 jubet,
732 453 768 514 (et

95 530 178 576 pernox
189 516 251 561 forte
260 514 313 560 luna
326 512 385 574 erat)
397 514 492 561 interdiu
504 514 546 561 cibi
558 515 682 575 quietisque
693 530 768 563 sume·

93 588 126 627 ret
134 588 224 641 tempus
235 597 240 625 ε
260 580 339 625 ducem
351 580 465 641 promissis
474 580 603 642 ingentibus
614 587 739 633 oneratum,
749 581 769 627 si

94 645 147 691 fides
156 653 240 698 exstet,
250 645 352 690 vinctum
360 652 443 697 tamen,
450 645 540 691 tribuno
546 644 621 691 tradis
645 644 692 690 His
697 645 768 707 copiis

92 710 122 757 its
132 710 239 763 dimissis,
252 724 280 755 eo
291 710 398 757 intentius
409 709 528 757 Romanus
536 710 634 771 undique
641 710 710 758 instet
718 710 767 773 cspi

94 776 209 821 stationes.

125 838 186 887 XII.
208 838 305 885 Interim
316 838 351 885 die
363 839 430 885 tertio
445 854 497 887 cum
513 840 628 893 verb'cem,
643 856 710 901 quem
726 856 768 903 pe-

92 906 180 956 tierant,
194 904 295 951 Romani
307 904 391 965 cepisse
401 920 427 951 ac
442 912 519 951 tenere
533 920 558 951 se
572 905 636 951 fumo
653 906 767 967 significe-

92 979 156 1026 rent;
173 977 225 1015 tum
239 984 301 1021 vero,
313 968 418 1016 trifariam
430 970 507 1015 diuisis
519 970 596 1031 copiis,
614 972 693 1017 consul
708 972 768 1019 velle

93 1032 165 1082 mediis
179 1050 234 1081 cum
252 1034 348 1079 militum
366 1036 445 1082 robore
458 1036 574 1081 succedit:
594 1050 678 1083 cornua
688 1035 768 1085 dextri

89 1100 193 1161 laevsque
205 1100 312 1147 admovet
322 1100 414 1146 cestris:
434 1114 476 1146 nec
487 1100 578 1161 segnius
588 1100 665 1147 hostes
678 1101 767 1148 obviam

90 1173 158 1211 erant:
179 1174 210 1217 et,
231 1165 293 1217 dum,
311 1164 416 1211 aviditate
432 1164 560 1213 certaminis
576 1166 684 1226 provecti,
701 1174 767 1214 extre

91 1231 230 1277 munitiones
241 1236 350 1291 pugnant,
363 1230 422 1275 bsud
435 1229 503 1291 paulo
517 1230 617 1291 superior
632 1237 668 1277 est
678 1231 767 1278 Romu·

91 1310 133 1342 nus
143 1296 219 1348 miles,
232 1302 256 1340 et
267 1294 357 1347 virtute,
369 1302 392 1341 et
403 1292 502 1346 scientiis,
515 1301 538 1341 et
547 1309 662 1341 armorum
672 1311 764 1357 genere

92 1358 227 1421 Postquam,
241 1359 318 1405 multis
332 1358 454 1405 vulneratis
472 1356 645 1419 interiectisque,
662 1358 767 1423 recepere

91 1439 116 1472 se
127 1425 186 1488 regii
202 1425 228 1472 in
241 1424 292 1470 locs
301 1431 340 1472 aut
350 1424 491 1472 munimento
501 1431 540 1471 aut
555 1422 636 1472 naturi
646 1432 702 1479 tuta,
714 1441 779 1482 ver·⁴

90 1497 147 1538 teret
157 1491 285 1552 periculum
301 1489 324 1534 in
335 1489 459 1542 Romanos,
476 1497 561 1536 temere
575 1491 598 1536 in
615 1490 665 1537 locs
682 1492 765 1552 inique,

90 1569 131 1602 nec
140 1555 222 1602 faciles
237 1555 265 1601 ad
276 1562 388 1616 receptum
402 1555 524 1616 angustias,
540 1571 679 1617 progressos.
714 1556 767 1604 Ne·

89 1636 132 1680 que
142 1617 258 1682 impuniti
268 1620 392 1666 temeritate
408 1620 460 1666 inde
471 1622 606 1681 recepissent
617 1636 672 1675 sese,
684 1622 709 1668 ni
720 1623 766 1669 cla·

90 1701 139 1732 mor
158 1686 260 1747 primum
282 1686 310 1732 ab
331 1693 396 1746 tergo
415 1685 510 1737 auditus,
532 1685 582 1731 dein
602 1701 679 1748 pugne
696 1687 765 1734 etiam

89 1759 172 1812 coepta,
199 1757 301 1796 amentes
326 1750 441 1810 repentino
466 1756 552 1798 terrore
574 1751 647 1811 regios
664 1750 763 1798 fecisset·

89 1813 146 1862 Pars
163 1816 189 1862 in
205 1815 285 1876 fugam
301 1813 366 1860 effusi
385 1821 452 1862 sunt:
471 1829 531 1876 pars,
546 1815 619 1876 magis
635 1817 687 1875 quis
701 1816 767 1862 heus

88 1879 150 1942 fugae
161 1881 247 1933 deerat,
260 1895 326 1940 quam
338 1879 398 1940 quod
408 1879 475 1926 animi
487 1881 540 1926 satis
551 1881 645 1926 essetad
655 1893 764 1942 pugnam,

89 1960 139 1992 cum
151 1945 312 1997 substitissent,
325 1946 352 1991 ab
366 1945 437 1998 hoste,
455 1951 507 1991 eta
524 1945 599 1991 fronte
616 1953 639 1990 et
658 1947 686 1993 sb
699 1953 766 2008 tergo

88 2017 194 2072 urgente,
213 2009 360 2056 circumventi
380 2016 439 2056 sunt.
480 2009 559 2056 Deleri
575 2017 637 2056 totus
651 2012 766 2058 exercitus

82 2075 168 2136 potuit,
191 2075 210 2121 si
229 2075 344 2137 fugientes
362 2076 473 2136 persecuti
494 2075 591 2122 victores
612 2085 703 2123 essent:
725 2075 766 2122 sed

89 2142 188 2202 equitem
199 2140 312 2202 angustiae
323 2141 468 2201 locorumque
484 2142 597 2202 asperitas,
616 2142 714 2202 peditem
728 2156 765 2186 ar-

88 2220 178 2252 morum
190 2206 298 2268 gravitas,
309 2201 417 2267 impediit.
453 2205 506 2252 Rex
516 2207 589 2267 primo
597 2206 667 2252 effuse
678 2221 704 2252 ac
716 2206 765 2255 sine

88 2281 193 2335 respectu
204 2271 277 2334 fugit:
298 2271 357 2324 dein,
372 2271 470 2331 quinque
487 2271 580 2317 millium
599 2272 694 2332 spatium
711 2285 765 2330 pro-

86 2353 188 2400 gressus,
209 2353 263 2384 cum
280 2351 309 2382 ex
328 2335 444 2396 iniquitate
462 2335 570 2388 locorum,
589 2337 611 2381 id
630 2335 763 2396 quoderat,

85 2406 213 2466 suspicatus
225 2409 292 2454 esset,
306 2401 368 2461 sequi
383 2415 428 2446 non
445 2416 512 2463 posse
521 2402 618 2462 hostem,
631 2399 730 2446 substitit
739 2400 764 2444 in

85 2471 174 2514 tumulo
186 2468 292 2530 quodam,
306 2466 432 2526 dimisitque
444 2481 497 2512 suos
507 2481 547 2526 per
564 2465 640 2510 omnia
646 2467 704 2524 juga
716 2464 765 2510 val·

84 2532 169 2593 lesque,
184 2533 222 2592 qui
238 2532 324 2593 palatos
340 2530 363 2576 in
380 2545 450 2577 unum
467 2531 607 2590 colligerent.
642 2527 699 2572 Non
713 2528 765 2589 plus

84 2597 173 2644 duobus
184 2597 283 2642 millibus
293 2597 411 2642 hominurn
423 2594 518 2647 antistis,
531 2599 614 2638 caetera
623 2591 698 2636 omnis
705 2590 766 2636 mul*

84 2661 165 2717 titudo,
182 2661 354 2723 velut-‚signam
370 2658 462 2720 aliquod
480 2664 565 2708 secutas
582 2655 607 2700 i1¹
624 2669 696 2702 unum
712 2665 765 2698 Μ)

717 2867 722 2876 .
797 2727 917 2896 Ι
