1867 2925
99 466 106 479 ·
173 500 346 560 'amorra
361 508 457 559 LIBRJ
473 508 653 562 TRICESIMI
668 506 818 558 SEPTIML

174 638 204 687 L.
216 631 355 688 connum
364 623 437 701 Scipia
445 640 530 692 consul,
539 640 613 701 legato
624 636 651 685 P.
661 638 764 700 Scipione
774 637 837 684 Afri-

172 718 237 758 cauo‚
255 704 305 767 (qui
323 718 348 749 ra
362 704 461 765 legatum
475 703 548 749 fratris
560 702 659 749 futurum
675 703 768 756 dixerat,
786 703 837 748 slei
925 744 926 757 2

175 768 265 815 Graecla
283 768 395 828 provincia
410 767 569 819 decerneretur,
586 781 637 812 cum
654 764 683 814 C.
697 766 777 819 Laelio,
797 766 836 829 qui

101 836 104 843 '
173 831 269 878 multum
279 831 303 876 iu
314 839 391 877 senatu
399 837 491 891 poterat,
504 830 648 892 eaprovincia
658 830 704 877 (lari
711 828 835 889 videretur)
925 810 926 859 l

173 893 287 957 protectus
300 895 329 941 ad
341 895 422 944 bellum
437 895 541 940 adversus
552 893 687 941 Antiochurri
703 894 835 955 gerendum,
925 902 926 913 ²

174 960 199 1006 in
209 958 288 1006 Asiam
299 960 383 1020 primus
394 959 493 1005 omnium
504 957 658 1005 Romanorum
673 958 755 1004 ducum
769 959 836 1019 trajo·
925 968 926 979 ¹

174 1023 213 1070 cit.
241 1022 347 1070 AEmilius
356 1017 458 1084 chillua
468 1023 572 1069 aduersus
587 1024 669 1084 regiam
681 1022 773 1068 classem
784 1021 835 1067 An-

176 1087 243 1133 tiochi
254 1086 347 1132 feliciter
358 1088 467 1148 pugnavit
481 1087 509 1133 ad
520 1086 678 1148 Myonnesum,
691 1086 786 1133 Rhodiis
796 1086 836 1132 ad-

172 1149 308 1212 juvantrlms.
352 1148 422 1197 Filius
441 1150 548 1204 Africani,
570 1152 597 1197 ab
615 1150 728 1197 Antiocho
749 1158 835 1212 captus,
925 1172 926 1183 π

175 1214 233 1277 patri
244 1214 347 1261 remissus
361 1222 402 1261 est
437 1214 530 1261 Manius
541 1214 626 1261 Acilius
642 1214 733 1261 Glabrio
747 1214 776 1260 (le
786 1214 837 1260 An-

175 1278 258 1332 tiocho,
271 1294 337 1339 quem
352 1277 442 1326 Graecii
454 1280 574 1341 expulerat,
587 1278 644 1325 etde
654 1272 745 1331 AEtolis,
757 1278 837 1324 trium-

176 1343 260 1407 phavit.
278 1342 346 1391 Victo
355 1344 432 1390 deinde
436 1342 549 1389 Antiocho
558 1340 603 1389 aL.
610 1341 714 1391 Cornelio
723 1336 835 1404 Scipiorie,
925 1334 926 1407 l

176 1407 295 1471 adjuvaute
309 1408 413 1455 Eumene
430 1423 484 1471 ruge
503 1406 613 1469 Pergami,
633 1407 702 1453 Attali
719 1406 773 1460 filio,
793 1422 838 1470 pax

176 1473 228 1520 dau
244 1481 278 1518 est
295 1471 322 1520 eia
337 1473 468 1526 conditione,
487 1480 512 1518 ut
530 1473 630 1518 omnibus
645 1472 765 1533 provinciis
783 1473 839 1520 citra

177 1535 278 1583 Taurum
286 1544 385 1583 moutam
396 1537 489 1584 cederet
518 1535 622 1589 Eumeni,
635 1552 679 1596 quo
685 1538 781 1598 juvante
788 1536 839 1583 An-

176 1599 265 1646 tiochus
272 1601 344 1646 victus
351 1607 404 1654 erat,
418 1615 511 1662 regnum
520 1601 652 1662 ampliatum.
679 1599 775 1646 Rhodiis
783 1616 838 1662 quo-
925 1603 926 1624 l

177 1677 228 1724 que,
241 1664 278 1724 qui
288 1672 311 1710 et
321 1665 362 1726 ipsi
367 1666 479 1732 juyerant,
493 1665 593 1724 quaedam
604 1665 703 1710 civitates
714 1679 835 1722 concessae.

179 1725 274 1777 colonia
292 1728 384 1775 deducta
405 1736 440 1775 eat
455 1728 565 1775 Bononia.
599 1729 705 1791 AErnilius
724 1728 838 1792 Regillus.

178 1793 215 1855 qui
225 1793 342 1854 praelectos
352 1793 459 1840 Antiochi
468 1793 541 1840 navali
554 1793 673 1840 certamine
688 1794 779 1848 vicerat,
798 1810 837 1841 na·

177 1858 250 1905 valem
266 1858 399 1920 triumphum
416 1859 486 1905 duxit.
521 1856 549 1903 L.
565 1857 682 1906 Cornelius
697 1855 780 1921 Scipio,
800 1859 837 1920 qui
925 1883 926 1930 r

177 1937 229 1968 cum
238 1921 350 1969 Antiocho
357 1923 509 1974 debellaverat,
521 1923 653 1986 cognomine
660 1921 723 1970 fratri
731 1937 836 1988 exaqua·
925 1971 926 1976 ,

179 1992 222 2042 tus,
235 1984 347 2036 Asiaticus
356 1987 476 2052 appellatus
490 1993 530 2034 est
