1867 2925
197 141 227 189 14
241 140 328 189 mvn
344 139 398 189 lna
410 139 536 193 xxxw.
556 138 616 193 On.
632 147 669 191 ιι.
722 147 768 193 151
788 179 793 189 .

102 274 147 334 Ap
161 270 261 320 Claudio
269 279 374 333 pretore,
386 270 493 319 Celtiberi
501 272 590 335 agmine
599 273 686 337 ingenti
696 274 725 322 sd
732 286 774 337 dp-

102 337 180 399 pidum
194 334 295 397 Illiturgi
310 345 463 382 occurrerunt.
498 336 587 399 Viginti
598 338 667 385 millia
676 348 774 387 armato.

103 401 242 454 rumfuisse,
256 400 360 447 Valerius
377 402 467 459 scribit;
483 401 599 448 duodecim
615 403 684 451 millia
700 418 730 451 ex
746 405 774 451 iia

104 464 775 594 numerumnunerum

105 596 153 641 nit:
171 603 203 648 et,
215 596 269 655 quia
276 601 325 640 tuta
330 596 379 656 jam
389 596 417 641 sb
424 595 524 642 hostibus
533 596 595 657 regio
606 603 659 648 erat
671 597 774 657 praecidio

104 659 128 705 in
140 660 273 706 ulteriorem
286 657 420 720 Hispaniam
439 660 538 713 remisso,
557 660 656 707 Romam
671 667 706 707 est
722 676 775 723 pro·

103 724 184 777 §serug
196 732 222 770 et
233 725 263 769 ob
272 739 320 769 rem
330 724 424 769 feliciter
433 732 521 786 gestam
532 739 601 771 ovans
610 726 686 773 urbem
697 734 732 772 est
740 726 775 771 in-

104 798 220 851 grersus*
242 788 341 849 Argenti
356 787 433 834 iniecti
447 789 499 836 tulit
515 790 538 834 iu
554 790 655 837 erarium
669 799 775 852 quatuor-

106 854 178 901 decim
195 853 267 899 millia
276 853 351 914 pondo
363 854 505 915 septingenta
515 854 607 915 triginta
617 854 674 903 duo:
693 863 717 901 et
727 856 774 919 sig-

106 920 154 964 nati
168 918 307 979 bigatorum
318 918 475 979 septemdecim
492 919 560 964 millia
574 919 661 979 viginta
677 920 734 977 tn'a;
752 928 775 967 et

105 983 215 1031 Oscensis
226 982 314 1044 argenti
328 991 418 1030 eentum
432 983 513 1045 vigimi
524 983 592 1029 millia
602 984 776 1045 quadringentos

105 1048 201 1110 triginta
210 1055 272 1093 octo.
308 1045 384 1094 Causa
396 1049 502 1109 triumphi
512 1048 608 1109 negandi
626 1048 712 1095 senatui
725 1048 774 1102 tuit,

105 1113 166 1173 quud
179 1112 254 1158 alieno
266 1112 365 1173 auspicio
375 1120 399 1159 et
408 1113 431 1157 ln
439 1110 511 1159 alieni
521 1112 634 1174 provincii
645 1111 774 1175 pugnisset.

105 1175 227 1226 Caeterum
240 1177 330 1223 biennio
339 1183 391 1238 post
401 1177 501 1231 redieret,
517 1193 576 1231 cum,
594 1176 709 1239 provincii
724 1194 776 1225 suc-

105 1242 192 1289 oessori
204 1240 238 1294 Q„
250 1240 354 1287 minucio
366 1241 453 1296 traditi,
472 1256 555 1289 aunum
572 1242 726 1303 insequentem
741 1258 777 1289 re·

106 1313 185 1369 tentum
195 1306 227 1351 ibi
236 1306 307 1367 longo
318 1312 341 1351 et
348 1307 411 1367 gravi
421 1308 500 1353 morbo
509 1304 595 1353 fuisset.
631 1306 710 1366 Itaque
721 1307 778 1353 duo-

101 1373 148 1418 ·lms
158 1370 230 1417 modo
245 1370 360 1416 mensibus
374 1369 539 1422 autelHelvius
554 1386 623 1417 eveus
639 1370 725 1417 Urbem
742 1380 777 1418 est

107 1437 233 1499 ingressus,
252 1448 318 1496 quum
335 1450 449 1483 stmuessor
461 1438 511 1500 ejm
529 1434 560 1490 Q,
571 1434 687 1482 Minucius
698 1436 778 1482 trium-

17 1507 18 1513 ’
108 1503 195 1564 pharet.
232 1500 280 1548 Hie
290 1515 378 1561 quoque
387 1501 439 1547 tulit
445 1502 532 1562 argenti
540 1501 614 1562 pondo
622 1501 715 1562 triginta
722 1517 777 1562 qus-

108 1563 249 1612 mormiflia
265 1565 402 1626 octingenta,
421 1566 547 1626 bigatorum
567 1567 707 1628 septuaginta
725 1573 778 1613 oete

109 1630 189 1742 ffi
200 1637 224 1676 et
234 1629 341 1700 Omeusis
356 1631 444 1692 argenti
458 1629 554 1678 ducenta
568 1631 709 1693 septuaginta
725 1639 778 1679 octo

142 1759 190 1806 XL
210 1757 239 1805 In
250 1756 362 1821 Hispenii
372 1761 461 1807 iuterim
472 1761 550 1808 consul
561 1761 620 1808 huud
634 1761 712 1822 procul
720 1761 778 1808 Em.

108 1825 179 1888 P⁰¹ll³
194 1832 269 1870 &⁸2¹²
281 1825 381 1872 hflbebtl·
415 1825 454 1876 Eo
466 1826 535 1887 legati
550 1833 595 1872 tres
611 1827 638 1871 ab
653 1825 777 1886 Ilergetum

17 1874 18 1879 ¹
109 1890 190 1952 regulo
198 1889 316 1950 Bilistage
327 1890 351 1935 iu
362 1891 440 1951 quibua
455 1904 512 1936 unus
526 1890 585 1936 iilius
594 1896 648 1943 erat,
661 1898 778 1943 venerunt,

110 1961 237 2016 querentes,
256 1962 272 1983 ‘⁴
283 1955 373 2001 custella
387 1969 427 2001 sum
441 1955 570 2025 oppugnari,
586 1969 627 2001 nec
639 1969 700 2016 spem
711 1955 779 2002 ullam

110 2035 162 2067 esse
180 2018 304 2072 resistendi,
323 2020 366 2065 nisi
382 2020 485 2081 praesidio
498 2019 615 2066 Romanum
632 2020 696 2067 miles
710 2027 777 2068 esset.

112 2085 169 2131 Trie
181 2084 253 2130 millia
267 2083 363 2130 militum
378 2083 432 2130 sutis
448 2099 511 2130 esse:
531 2099 572 2131 nee
586 2086 669 2138 hostes,
686 2086 705 2131 ri
717 2091 780 2131 tantu

111 2162 194 2197 manus
205 2149 312 2210 venisset,
323 2147 467 2195 mansuros-’¹
501 2149 539 2196 Ad
551 2165 577 2196 ea
591 2151 676 2202 consul,
695 2157 711 2178 “
723 2149 779 2196 Μο-

110 2215 160 2260 verl
169 2213 260 2274 quidem
268 2214 337 2260 sevel
343 2213 443 2275 periculo
449 2229 535 2266 eorum,
547 2215 583 2261 vel
590 2212 678 2267 metu,'’
690 2214 776 2258 dicere:

113 2286 130 2309 ‘⁴
140 2279 180 2325 sed
190 2279 233 2324 sibi
243 2276 382 2339 nequiquam
392 2285 479 2325 tautum
489 2278 600 2340 copiarum
608 2293 664 2330 esse,
679 2285 711 2330 ut,
727 2291 779 2322 cum

113 2355 198 2406 magna
207 2343 243 2388 vis
253 2344 350 2389 hostium
361 2343 420 2390 haud
430 2344 508 2405 procul
518 2343 581 2397 absit,
597 2357 648 2388 eum
666 2338 709 2400 qui
725 2354 781 2386 mox

45 2452 49 2460 ,
112 2408 185 2472 signis
194 2408 283 2454 eollatis
292 2407 441 2455 dimicandum
449 2408 490 2454 sibi
500 2408 524 2452 in
534 2408 581 2454 dies
591 2411 712 2466 exspectet,
725 2404 782 2451 divi-

113 2473 187 2522 dendo
195 2474 319 2520 exereitum
327 2474 427 2520 minuere
434 2479 484 2519 tuto
491 2472 549 2519 vires
559 2478 640 2533 posset.
646 2468 661 2488 ”
689 2468 778 2532 Legati,

113 2539 151 2585 ubi
161 2539 212 2586 baec
222 2538 346 2592 audieruut,
358 2538 439 2585 flentes
449 2537 478 2584 ud
488 2551 563 2598 genua
576 2533 674 2580 consulis
691 2534 782 2594 prorui*

113 2609 206 2650 vuutur·
241 2602 357 2656 Quot-‘⁶
367 2602 407 2650 Ne
421 2599 445 2648 se
460 2602 485 2658 iu
501 2601 565 2647 rebus
576 2605 622 2644 tum
633 2597 728 2660 ¹trepidis
744 2597 782 2642 de-

113 2675 180 2718 serat
216 2667 348 2723 Quo'enim
362 2682 394 2724 se,
410 2666 511 2730 repulsos
525 2664 553 2712 ub
563 2661 680 2718 Romanis,
692 2657 783 2710 ituros?
