1867 2925
164 191 198 234 42
271 182 303 232 T.
316 180 406 231 LIVII
421 180 475 229 Lra.
488 178 589 228 XXXI.
609 177 671 229 Car.
684 176 725 226 aa·

167 316 225 369 rent,
251 313 366 376 Philippus
384 312 549 374 inopinantdrus
571 311 675 358 advenit:
693 310 767 369 'quem
782 324 845 356 ⁴curn-

168 382 246 429 adesse
262 378 399 441 refugientes
416 392 445 423 ex
462 378 523 438 agris
539 377 629 438 quidam
647 375 721 437 pavidi
740 372 845 421 nuntiis-¹

169 453 226 498 sent,
244 444 354 506 trepidare
365 443 513 489 Damocritus
523 442 643 502 caeterique
657 441 738 486 duces:
758 447 781 485 et
795 447 846 486 erat

168 510 227 557 forte
242 510 387 556 meridianum
404 515 500 568 tempus,
517 522 563 566 quo
578 506 679 567 plerique
695 520 777 566 graves
794 506 846 550 crito

161 568 236 637 ¹sopiti
243 576 354 637 jacebant.
377 572 485 618 Excitare
495 571 612 633 igitutaiii
622 571 685 623 alios,
693 571 772 631 jubere
783 585 847 615 arma

170 654 257 701 capere,
275 639 330 684 alios
345 638 457 683 dimittere
471 636 500 682 ad
510 635 655 688 revocandos,
673 636 712 695 qui
726 634 795 695 palati
805 650 848 695 per

171 719 239 767 agros
252 702 421 765 praedabantur:
440 707 547 761 tantaque
561 701 678 761 trepidatio
692 700 742 751 fuit,
760 706 786 745 ut
797 699 848 745 sine

171 768 251 831 gladiis
260 768 356 827 'quidam
371 768 471 827 equitum
483 766 576 819 exirent,
594 766 675 811 loricas
685 764 785 826 plerique
799 779 848 811 nou

172 834 297 881 induerent
334 830 371 877 Ita
385 832 464 893 raptim
481 830 562 882 educti,
579 845 632 877 cum
643 830 741 875 universi
752 844 850 875 senoen-

172 907 247 945 torum
266 912 327 959 aegre
345 896 410 943 simul
427 896 514 956 equites
528 894 659 956 peditesque
672 909 790 940 numerum
807 909 850 939 ex-

173 960 280 1027 pldssent,
297 961 399 1008 incidunt
410 963 433 1007 in
446 961 532 1021 regium
544 960 673 1020 equitatum,
686 974 787 1011 numero,
799 960 852 1005 ani-

172 1029 224 1081 mis,
249 1027 361 1086 annisque
378 1032 530 1087 praestantem.
572 1022 653 1084 Itaque
670 1024 743 1085 primo
761 1024 851 1085 impetu

172 1094 225 1145 iusi,
238 1093 278 1137 vix
285 1098 371 1137 tentato
380 1090 508 1142 certamine,
518 1089 577 1149 turpi
584 1087 640 1150 fiagd
647 1095 751 1149 repetunt
759 1096 848 1135 castra:

174 1157 228 1203 caesi
239 1156 341 1218 captique
351 1156 447 1215 quidam,
460 1169 518 1215 quos
529 1153 613 1213 equites
624 1155 651 1200 ab
661 1153 752 1215 agmine
758 1152 852 1215 fugien»

174 1223 232 1269 tium
243 1218 395 1267 interclusdre.
649 1252 653 1258 -

209 1284 293 1333 XLII.
320 1283 443 1347 Philippus,
468 1285 513 1331 suis
527 1286 576 1346 jam
595 1284 655 1331 vallo
671 1284 853 1345 appropinquans

175 1353 242 1406 tibus,
260 1352 357 1413 receptui
373 1351 422 1397 cani
432 1349 514 1412 jussit:
533 1348 639 1411 fatigatos
654 1350 714 1395 enirn
729 1364 800 1409 equos
815 1350 853 1395 vi-

176 1432 265 1478 rosque,
283 1432 329 1463 non
347 1423 393 1462 tam
409 1415 496 1477 proelio,
513 1428 579 1475 quam
594 1415 679 1460 itineris
694 1414 760 1460 simul
774 1413 853 1477 longi-

177 1484 261 1535 tudine,
275 1482 340 1528 simul
351 1479 492 1543 praeproperi
502 1481 620 1532 celeritate,
633 1481 732 1526 habebat.
769 1478 853 1540 Itaque

177 1547 291 1594 turmatim
302 1547 395 1606 equites,
413 1546 554 1605 invicemque
567 1545 692 1606 manipulos
706 1545 763 1591 levis
777 1561 854 1592 arma

177 1619 242 1664 turae,
255 1618 361 1671 aquatum
372 1611 404 1656 ire
415 1617 438 1657 et
448 1611 556 1671 prandere
562 1611 639 1671 jubet:
653 1610 709 1656 alios
719 1610 743 1654 in
754 1610 854 1657 statione

178 1683 277 1722 armatos
295 1675 382 1728 retinet,
405 1676 522 1736 opperiens
540 1689 622 1736 agmen
640 1675 746 1736 peditum,
765 1675 853 1722 tardius

177 1741 270 1787 ductum
281 1747 372 1801 propter
382 1741 516 1801 gravitatem
527 1755 647 1785 armorum.
683 1739 753 1792 erod
763 1740 800 1784 ubi
812 1741 854 1786 ad-

178 1806 248 1860 venit,
261 1812 283 1850 et
291 1805 345 1866 ipsis
355 1805 495 1866 imperatum,
508 1811 542 1857 ut,
554 1805 643 1850 statutis
651 1804 729 1866 signis,
739 1805 853 1866 armisque

179 1878 231 1918 ante
243 1870 363 1932 sepositis,
381 1871 461 1931 raptim
472 1870 545 1916 cibum
557 1877 667 1931 caperent,
684 1869 742 1915 binis
751 1870 855 1918 ternisve

179 1951 292 1982 summum
304 1949 333 1981 ex
343 1935 461 1996 manipulis
472 1935 567 1995 aquandi
578 1933 645 1980 causti
654 1935 741 1980 missis:
761 1934 855 1981 interim

179 2015 247 2061 eques
262 2015 314 2046 cum
328 2000 373 2047 levi
384 1998 496 2046 armaturis
505 2006 595 2061 paratus
604 2001 771 2059 instructusque
782 2001 855 2055 stetit,

179 2066 199 2112 si
215 2065 269 2126 quid
283 2065 353 2110 hostis
368 2071 477 2110 moueret.
512 2063 593 2116 AEtola
611 2065 670 2125 (jam
682 2065 783 2116 enimet,
801 2080 856 2125 quae

179 2146 219 2193 per
239 2145 306 2192 agros
325 2129 444 2175 multitudo
464 2144 545 2190 sparsa
556 2128 636 2181 iuerat,
653 2136 766 2190 receperat
785 2145 811 2176 se
830 2131 856 2178 in

179 2193 263 2254 castra)
275 2201 300 2240 ut
311 2193 422 2240 defensuri
437 2194 583 2246 munimenta,
601 2194 660 2239 circa
669 2201 746 2254 portas
756 2195 856 2241 vallum-

180 2277 224 2322 que
239 2267 336 2306 armatos
350 2259 477 2321 disponunt,
495 2258 549 2303 dum
566 2259 654 2318 quietos
670 2260 747 2305 hostes
762 2260 805 2320 ipsi
815 2261 858 2308 'ie-

177 2338 245 2371 'roces
266 2339 296 2371 ex
317 2331 367 2370 tuto
389 2324 524 2384 spectabant.
561 2322 683 2383 Postquam
705 2331 768 2371 mota
789 2326 857 2388 signa

180 2389 335 2436 Macedonum
346 2395 405 2440 sunt,
419 2395 441 2433 et
453 2388 571 2434 succedere
578 2388 607 2433 ad
614 2389 698 2434 vallum
705 2390 775 2450 parati
787 2399 857 2451 atque

63 2449 83 2480 ‘³'
180 2453 283 2500 instructi
298 2450 393 2514 coepdre,
411 2467 490 2498 omnes
504 2460 602 2514 repente,
621 2454 702 2500 relictis
713 2454 856 2512 stationibus,

179 2533 220 2578 per
231 2533 331 2564 aversam
342 2523 428 2580 partem
440 2524 563 2562 castrorum
574 2519 603 2563 ad
614 2519 732 2572 tumulum,
741 2520 770 2565 ad
781 2529 860 2570 castra

179 2582 335 2628 Athamanum
350 2580 486 2643 perfugiunt.
518 2581 593 2630 ‚Multi
608 2583 630 2627 in
646 2583 687 2629 hac
702 2600 790 2644 quoque
807 2594 856 2633 mm

178 2645 267 2706 trepida
280 2644 335 2708 fugi
345 2646 403 2707 capti
418 2647 516 2706 caesique
529 2653 583 2692 sunt
592 2646 730 2694 AEtolomm.
767 2647 857 2713 Philip·

179 2725 229 2774 pus,
247 2710 266 2757 si
280 2712 334 2759 satis
348 2711 391 2758 diei
403 2718 535 2774 superesset,
554 2727 600 2760 non
610 2712 696 2766 dubius,
713 2712 768 2775 quin
778 2715 856 2763 Atua-
