1867 2925
56 120 59 126 '
160 142 191 187 ss
267 132 400 183 nmvu
416 128 471 183 nn
483 130 584 181 κω
604 130 665 181 cn.
678 124 731 181 ss?

162 280 238 328 eques,
249 265 294 326 qui
302 262 381 326 raptim
392 264 400 310 i
416 279 440 311 se
450 263 546 319 desiluit,
562 263 713 325 pavidumque
722 277 802 325 regem
813 262 844 309 in

163 346 245 393 equum
260 328 360 392 subjecit.
396 280 456 391 fpse
474 344 526 377 cum
540 328 609 391 pedes
623 344 712 390 sequare
721 344 789 375 cursu
800 328 842 375 fu-

163 396 252 460 gientes
262 410 308 441 non
318 400 395 457 posset
405 394 498 455 equites,
515 395 543 440 sb
555 394 656 440 hostibus
669 393 698 440 ad
711 409 789 440 casum
801 410 841 441 re-

164 463 201 525 gis
215 460 333 509 concitatis
351 457 470 505 confossus
487 459 559 521 periit.
594 458 654 512 Rex,
672 459 842 505 circumvectus

164 526 256 591 paludes
266 525 353 588 pervim
363 524 480 585 inviasque
490 521 576 585 trepidd
586 522 648 585 fugi,
665 524 689 569 in
703 532 775 571 costra
786 531 844 569 tan-

164 590 223 645 dem,
237 592 285 654 Jsm
297 590 462 651 desperantibus
476 589 590 651 plerique
605 588 741 635 incolumem
757 604 841 635 evasu-

165 672 223 710 rum,
235 655 342 719 pemmit.
371 653 472 701 Duoenti
483 652 636 701 Macedonum
644 654 729 713 equites
737 669 765 700 eo
775 668 843 715 proe·

165 722 197 769 lio
208 717 300 783 periere,
318 726 407 765 centum
418 718 490 765 fenne
500 719 573 780 τομὴ
590 719 706 780 octoginta
716 719 841 765 admodum

165 786 238 833 ornati
248 785 306 845 equi,
359 784 395 830 liis
406 784 473 831 simul
482 799 594 830 armorum
606 784 795 837 relatis-abducti·

197 847 328 897 XXXVII
343 880 350 894 .
370 848 480 901 Fuerunt,
497 848 535 909 qui
549 850 593 895 hoo
607 848 643 895 die
653 864 730 911 regem
745 848 841 895 temeri·

165 914 226 969 tutis,
244 914 358 961 consulem
378 914 487 976 segnitiae,
505 921 648 960 accusarent:
668 929 719 959 nam
738 921 762 959 et
781 912 842 960 Phi-

164 982 226 1045 iippo
243 978 400 1041 quiescendum
417 978 494 1031 fuisse,
513 994 564 1025 cum
578 978 654 1041 paucis
665 979 741 1025 diebus
752 979 838 1033 hostes,

164 1048 274 1095 exhausto
291 1044 349 1091 cirus
366 1044 427 1089 omni
442 1058 504 1105 agro,
522 1043 550 1089 ad
564 1043 667 1090 ultimum
684 1043 766 1105 inopiae
780 1053 844 1090 ven·'

166 1120 229 1159 turos
248 1110 328 1165 seirst;
345 1115 368 1153 et
388 1108 510 1161 consulem,
528 1123 580 1154 oum
598 1109 721 1169 equitatum
737 1108 840 1155 hostium

165 1178 283 1234 levemque
293 1180 426 1220 sumatumm
437 1172 538 1225 fudisset,
555 1188 582 1219 ae
595 1188 665 1235 prope
676 1188 752 1234 regem
762 1174 840 1234 ipsum

166 1240 269 1303 cepisset,
285 1238 387 1299 protinus
397 1236 426 1283 ad
437 1243 510 1284 eastra
519 1238 618 1283 hostium
629 1238 710 1284 ducere
718 1238 835 1284 debarim

166 1321 208 1353 nec
223 1304 284 1352 enim
295 1317 411 1351 manaurae
422 1303 453 1349 its
463 1302 577 1363 perculsos
587 1302 664 1349 hostes
673 1302 749 1355 fuisse,
762 1302 839 1349 debel-

163 1370 249 1432 larique
259 1374 373 1415 momento
384 1368 491 1429 temporis
500 1368 607 1429 potuisse.
643 1366 671 1413 Id
685 1368 752 1420 dictu
768 1382 838 1427 quom

166 1452 196 1491 re,
214 1436 252 1500 (ut
265 1430 380 1497 pleraque)
391 1432 491 1480 facilius:
511 1446 570 1486 nam,
586 1432 605 1479 si
620 1433 722 1481 omnibus
736 1432 839 1510 peditum

165 1511 548 1616 rfflttdpsszi‘ssmff‘ti‘d
564 1497 842 1625 2¹¹3&de

163 1627 243 1692 proelio
265 1628 323 1673 intro
343 1627 434 1682 vellum,
458 1629 561 1690 protinus
578 1627 630 1674 inde
651 1628 839 1690 supersedentem

164 1693 303 1740 munimenta
321 1692 429 1739 sisterem
448 1694 537 1739 hostem
555 1691 667 1756 fugerent,
687 1694 739 1740 exui
758 1694 839 1740 metris

163 1758 261 1821 potuerit
279 1769 333 1804 rexs
352 1773 403 1804 cum
422 1773 477 1804 vero
496 1759 591 1821 integrae
609 1759 681 1820 eopiae
696 1759 796 1820 peditum
814 1759 839 1804 in

164 1822 242 1870 eastris
253 1822 394 1877 mansissent,
412 1823 519 1870 stationes
530 1831 583 1871 ante
592 1832 674 1886 portus,
691 1823 842 1886 praesidiaque

164 1887 271 1949 disposite
280 1893 362 1940 essesut,
372 1887 433 1948 quid,
445 1889 488 1934 nisi
499 1896 524 1935 ut
531 1890 679 1936 temeritstem
688 1889 755 1950 regis,
767 1886 841 1936 effinse

163 1951 231 2014 paulo
246 1959 299 1999 ante
314 1953 384 1999 secuti
399 1955 514 2014 perculsos
523 1954 617 2015 equites,
635 1955 766 2006 imitaretur,
784 1969 841 2015 pro·

163 2015 270 2066 fecisset?
287 2032 359 2078 neque
373 2018 432 2065 enim
448 2033 478 2064 ne
492 2020 552 2081 regis
566 2019 656 2080 quidem
670 2019 767 2081 primum
782 2034 843 2065 oon·

165 2081 247 2136 silium,
268 2096 315 2142 quo
334 2081 441 2143 impetum
460 2085 484 2130 in
501 2083 675 2131 frumentatores
693 2085 780 2146 palatos
797 2099 842 2145 per

165 2155 233 2210 s'gros
249 2144 309 2201 fecit,
327 2147 532 2207 reprehendendum
548 2149 614 2203 foret,
632 2149 651 2195 si
665 2149 757 2196 modum
772 2161 839 2212 pros-

164 2227 226 2274 perae
236 2226 320 2273 pugnae
331 2213 481 2272 imposuisset
516 2213 554 2260 Eo
564 2229 653 2275 quoque
663 2215 737 2261 minus
748 2221 783 2260 est
794 2215 840 2261 mi-
856 2210 863 2217 “

165 2292 223 2330 rum,
240 2273 339 2322 tenuisse
354 2291 405 2322 eum
415 2276 536 2330 fortunam,
554 2279 615 2338 quod
624 2278 749 2332 famame
768 2277 840 2326 Plesi-

157 2347 238 2387 ·rstum
246 2338 417 2400 Dardanosque,
426 2342 554 2402 ingenuom
562 2344 632 2404 copiis
639 2342 753 2405 profectos
761 2344 838 2397 domo,

160 2405 209 2464 jam
219 2404 243 2450 in
255 2404 413 2450 Msnedonism
422 2407 591 2453 transcendisse,
611 2407 699 2460 Qudsus
710 2408 729 2453 si
740 2409 841 2470 undique

164 2467 331 2515 oiromnusntus
348 2468 418 2528 copiis
433 2467 500 2524 soret,
517 2472 631 2518 sedentem
649 2471 781 2520 Romam
797 2474 840 2521 de-

163 2529 304 2586 bethsuram,
326 2533 386 2578 credi
404 2539 500 2594 poterat.
534 2533 621 2595 Itaque,
639 2538 763 2583 seeundum
782 2539 841 2586 dues
868 2587 872 2593 ,

163 2592 267 2641 adversas
283 2603 397 2656 equestres
411 2611 506 2658 pugnas,
524 2591 686 2648 multominus
700 2609 772 2648 tutam
786 2618 841 2650 mo-

164 2670 212 2704 rum
223 2657 246 2702 in
257 2659 336 2708 iisdem
346 2660 433 2708 suum
443 2661 493 2710 fore
502 2660 620 2728 Philippus
631 2673 699 2723 satura,
717 2681 769 2715 oum
777 2668 845 2716 abire
