1867 2925
203 119 234 167 T.
247 117 333 170 nvn
349 117 401 168 er.
415 119 527 170 XXXV·
545 121 606 173 Otr.
619 129 660 172 80.
719 129 769 175 225

98 250 238 300 Achaeorum
255 250 278 296 in
293 257 365 298 castra
379 251 487 312 impetum
500 251 592 308 faciunt,
610 261 634 302 et
647 253 770 318 diripiuntr
809 259 816 274 ‘

98 314 173 362 ceteri
185 313 214 362 sd
224 315 392 376 persequendos,
398 317 474 363 hostes
484 318 516 362 ire
526 327 630 380 pergunt.
659 319 716 368 Erat
727 322 772 368 iter

99 379 151 432 tnle,
168 394 210 440 per
220 379 281 440 quod
293 381 330 426 vix
341 381 482 440 tranquillum
493 383 521 428 ab
530 384 604 429 hostili
615 391 677 431 metu
687 401 769 448 agmen

96 443 195 506 expediri
206 451 289 506 possm.
326 443 361 491 Ut
371 461 425 491 vero
436 447 463 492 sd
478 454 604 508 postremos
618 449 720 510 proelium
732 467 769 496 or-

97 515 145 554 tum
162 516 204 561 est,
223 509 350 569 clamorque
367 509 470 556 terribilis
484 527 498 558 a
514 525 579 574 tergo
596 515 724 574 paventium
741 515 770 561 ul

95 573 167 634 prima
182 574 248 634 signa
263 581 298 620 est
312 574 416 634 perlatus,
434 591 477 636 pro
493 591 517 622 se
531 577 631 637 quisque,
649 579 716 624 amris
731 580 771 625 ab·

94 638 168 699 jectis,
186 637 211 684 in
228 637 382 700 circumjectas
397 639 470 685 itineri
487 641 555 688 silvas
570 641 704 703 diffugiunt3
720 658 772 689 mo-

96 709 219 764 mentoque
237 703 344 764 temporis
363 711 438 766 strage
457 719 569 752 annorum
588 715 650 768 septa
668 707 705 754 uia
726 715 770 763 eat,

94 767 194 814 maxime
204 767 288 824 bastis;
298 783 356 827 que,
368 767 479 829 pleraeque
488 769 587 816 adversae
598 763 708 826 cadentes,
720 772 770 819 vei·

95 838 120 878 ut
130 831 192 880 vallo
207 832 295 894 objecto
310 833 353 878 iter
363 833 516 894 impediebant.
552 833 714 897 Philopoemen,
732 845 771 884 ute

95 911 192 957 utrmque
202 904 301 957 possent,
314 896 396 943 instare
404 904 427 944 et
434 899 535 958 persequi
543 900 683 946 auxiliaribus
690 900 767 961 jussis,

96 961 184 1023 (utique
195 962 256 1007 enim
267 961 376 1021 equitibus
391 962 449 1008 haud
463 962 550 1009 facilem
565 963 663 1011 futuram
677 963 770 1027 fugam)

94 1025 142 1086 ipse
155 1025 251 1088 gravius
266 1040 347 1086 agmen
362 1023 398 1072 vii
412 1029 538 1088 patentiore
551 1028 579 1074 ad
594 1024 704 1075 Eurotam
720 1044 769 1075 am-
786 1066 789 1074 .

96 1103 147 1138 nem
162 1089 264 1136 deduxit
299 1088 334 1136 Ibi
350 1092 428 1136 castris
445 1093 486 1137 sub
500 1108 603 1139 occasum
618 1094 671 1140 solis
681 1094 768 1156 positis,

95 1152 167 1202 levem
183 1159 326 1207 armaturam,
344 1170 410 1214 quarn
425 1156 453 1202 ad
463 1159 638 1218 persequendum
649 1159 772 1220 reliquerat

95 1217 191 1272 bostem,
205 1218 369 1282 opperiebatur:
386 1221 425 1282 ,qui
438 1221 473 1266 ubi
484 1219 555 1283 primi
563 1220 640 1284 vigilii
649 1231 766 1276 venerunt,

96 1283 233 1336 nuntiantes,
254 1289 373 1343 tyrannum
392 1299 443 1330 cum
462 1286 539 1346 paucis
557 1286 585 1331 ad
604 1286 680 1332 urbem
699 1300 771 1347 penes
861 1320 870 1329 ,

95 1344 172 1401 trisse,
192 1355 298 1396 ceteram
312 1347 477 1394 multitudinem
493 1349 599 1395 inermem
611 1357 659 1394 toto
671 1361 770 1410 spartam

95 1413 170 1475 vagari
183 1412 250 1465 saltu,
262 1427 355 1474 corpora
366 1427 442 1459 curare
449 1413 575 1475 eosJubet:
589 1413 636 1475 ipse
646 1426 675 1459 ex
687 1411 769 1460 caeteri

95 1476 157 1539 copiti
174 1477 272 1525 militum
291 1478 346 1539 (qui,
363 1479 414 1537 quia
428 1479 513 1537 priores
527 1478 551 1523 in
566 1486 639 1524 castra
652 1487 766 1533 venerant,

94 1542 170 1589 refecti
179 1548 205 1589 et
212 1541 261 1587 cibo
270 1548 350 1595 sumto,
360 1548 383 1587 et
394 1539 481 1588 modici
492 1542 566 1603 quiete
574 1540 649 1602 eram)
660 1538 774 1599 delectou‘

95 1606 149 1653 nihil
158 1612 244 1669 praeter
254 1604 340 1667 gladios
351 1620 426 1652 secum
436 1605 667 1669 ferentesfextemplo
677 1608 767 1667 educit;

95 1677 118 1719 et
128 1672 225 1719 duarum
236 1678 350 1732 portarum
361 1670 483 1724 itinenbus,
500 1687 551 1732 quae
563 1671 656 1726 Pheras,
673 1688 771 1735 quaeque

95 1734 275 1783 Barbosthenem
286 1734 368 1788 ierunt,
386 1750 425 1781 eos
436 1735 556 1793 instruxit;
573 1736 616 1798 quai
626 1752 655 1784 ex
664 1736 721 1799 fugis
731 1754 768 1785 re-

95 1808 199 1861 oepturos
214 1815 263 1847 sese
278 1800 354 1845 hostes
368 1798 477 1846 credebat
513 1800 564 1847 Nec
578 1817 630 1848 eram
642 1802 717 1864 opinio
733 1802 768 1848 ie·

93 1864 162 1913 iellit:
183 1878 236 1911 nam
249 1863 420 1918 Lacedaemonii,
433 1865 506 1924 quoad
516 1866 572 1911 lucis
583 1866 691 1927 superfuit
702 1866 770 1927 quid-

160 1962 167 1983 ,
195 1929 265 1975 deviis
291 1928 382 1975 callibus
402 1929 477 1974 medio
498 1929 556 1975 saltu
578 1945 603 1976 se
623 1930 765 1993 recipiebant.

94 1944 173 2041 fflo
195 2008 288 2055 vespere
308 1999 334 2038 ut
352 1993 437 2039 lumina
455 1994 479 2038 in
498 1994 577 2040 nastris
595 1996 693 2044 hostium
712 2011 769 2043 con-

95 2056 197 2121 spernere,
213 2054 228 2104 'e
243 2058 335 2119 regione
351 2072 428 2116 eornm
444 2058 537 2103 occultis
552 2060 636 2106 semitis
651 2076 675 2107 se
689 2068 770 2108 tenuc-

95 2132 159 2171 runtr
181 2123 217 2171 ubi
229 2138 255 2169 ea
266 2129 318 2168 sunt
330 2118 480 2185 [praegressi]
487 2124 535 2184 jam
546 2131 620 2170 tutum
631 2126 680 2178 rati,
692 2126 715 2171 in
726 2137 770 2185 pa-

96 2195 169 2235 tentes
189 2188 237 2233 vias
256 2186 429 2233 descenderunt:
454 2186 485 2232 rbi
506 2190 593 2250 excepti
612 2191 639 2236 ab
656 2189 770 2235 insidente

94 2252 157 2299 laoste
176 2252 259 2313 passim
278 2250 310 2297 ita
328 2251 391 2297 multi
408 2250 460 2297 oaesi
479 2253 582 2313 captique
600 2260 660 2306 sunt,
681 2251 766 2298 utrix

93 2325 170 2379 quarta
185 2331 236 2377 pars
251 2316 279 2361 rle
292 2322 341 2361 toto
352 2316 451 2361 exercitu
462 2317 564 2363 evaserit
599 2316 767 2379 Philopoemen,

93 2382 179 2428 incluso
191 2387 287 2443 tyranno
298 2380 321 2425 in
332 2381 416 2433 urbem,
433 2379 576 2441 insequentes
589 2380 636 2427 dies
646 2394 715 2442 prope
726 2379 769 2426 tri-

93 2446 156 2507 ginta
167 2441 286 2492 ⁴vrtstandis
300 2445 360 2505 agris
371 2442 489 2491 hennum
500 2445 622 2501 absumsit3
639 2444 769 2491 debiliratir-
812 2492 816 2495 ,

93 2526 135 2571 que
150 2526 177 2557 ac
193 2524 262 2573 prope
276 2507 352 2555 fractis
367 2510 456 2569 tyranni
471 2508 562 2560 viribus,
579 2508 669 2553 domum
685 2506 768 2565 rediit3‘

92 2575 232 2641 aquantibus
243 2588 294 2621 eum
305 2570 377 2637 glorii
388 2588 462 2619 rerum
473 2571 702 2634 Acbaeisimperatori
712 2571 766 2622 Ro.

828 2772 923 2877 affl
