1867 2925
180 138 229 184 ain
270 132 300 183 T·
314 130 402 182 lell
417 130 471 182 Lu-
485 132 622 188 XXXVII·
641 132 701 185 &ab
712 140 755 185 24.'

211 261 309 311 xxlv.
328 263 375 312 Sed
387 271 502 311 momento
514 265 619 327 temporie
628 272 653 312 et
663 267 755 313 navium
764 266 846 323 virtus,

177 334 202 375 et
211 342 266 374 unua
275 329 308 376 rei
318 329 443 384 maritimae,
459 337 567 375 terrorem
578 345 667 377 omnem
676 330 771 378 Rhodiis
781 332 847 380 dem·

178 392 222 440 ait:
238 408 293 441 nam
307 401 331 441 et
344 394 368 439 in
383 392 453 439 altum
468 393 569 441 celeriter
584 400 669 441 evectae
685 408 755 443 naves
769 397 846 443 locum

177 457 477 519 portaequaaquevenienti
488 458 606 505 adtarram
617 456 712 515 deddre;
728 467 759 513 et,
771 461 846 521 siqua

178 530 321 570 concurrerat
334 529 407 568 rostro
417 536 468 568 cum
479 522 576 568 bostium
587 524 645 575 navi,
663 531 702 569 aut
712 538 801 585 proram
812 526 845 573 la-

178 588 273 640 cerabat,
290 594 329 633 aut
343 601 416 633 remos
432 587 567 647 detergebat,
584 594 630 640 aut,
647 586 715 633 libero
732 588 790 634 inter
808 603 845 635 or-

178 650 241 698 dines
248 652 349 698 discursu
359 658 512 711 praetervecta,
524 652 547 697 in
557 652 646 712 puppim
655 652 761 713 impetum
770 653 843 699 dabat

178 714 282 763 Maxime
299 716 407 761 exterruit
424 716 521 776 hepteris
542 716 611 777 regia,
634 731 648 761 a
669 716 740 761 multo
759 716 847 763 minore

176 778 268 826 Rhodii
286 794 344 827 nave
359 794 405 825 uno
423 780 470 826 ictu
486 780 593 826 demersa.
628 778 708 839 Itaque
720 781 768 843 jam
785 781 845 827 haud

176 844 243 890 dubie
256 844 372 895 dexterum
389 858 459 890 comu
475 844 572 890 hostium
586 844 610 889 in
624 843 701 905 fugam
715 842 842 891 inclinabat.

176 906 306 955 Eudamum
316 910 340 955 in
350 909 395 955 alto
409 909 550 955 multitudiue
567 908 656 955 navium
667 908 764 955 maxime
775 908 843 955 Han·

176 972 243 1026 nibai,
260 974 348 1019 caeteria
364 974 466 1019 omnibus
482 973 551 1034 longe
566 979 715 1033 praestantem,
734 974 841 1034 urgebatr

175 1044 200 1083 ct
210 1038 398 1090 cummveniaaet,
410 1038 441 1090 ni,
454 1038 519 1099 aigne
530 1038 615 1085 sublato
627 1051 655 1083 ex
662 1034 766 1097 praetorii
776 1052 841 1091 nave,

176 1102 234 1163 (quo
250 1102 370 1161 diaperaarn
387 1102 480 1148 claaaern
497 1102 519 1147 in
539 1116 608 1147 unuin
624 1101 698 1161 colligi
714 1116 766 1147 moa
782 1100 843 1161 erat)

175 1178 262 1218 omnes,
279 1180 330 1225 quae
341 1166 364 1211 in
375 1166 454 1212 dextro
464 1180 534 1213 cornu
544 1166 649 1219 vicerant,
662 1180 730 1211 naves
741 1164 769 1211 ad
777 1180 843 1226 opem

174 1228 289 1277 ferendam
297 1229 343 1277 auia
351 1231 522 1277 concurr-insent.
548 1229 608 1275 Tum
617 1237 640 1275 et
649 1228 770 1283 Hannibal,
779 1244 843 1289 quse-

175 1310 222 1356 que
238 1295 298 1341 circa
315 1310 367 1341 essm
382 1303 446 1342 erant
461 1309 537 1347 naver,
555 1301 672 1355 capessunt
689 1292 780 1355 fugam:
801 1309 843 1341 nec

175 1360 262 1421 insequi
273 1360 363 1413 Rhodii,
380 1376 409 1407 ex
421 1356 504 1420 magni
514 1366 576 1420 parte
586 1359 661 1419 aegria,
678 1366 702 1405 et
712 1358 741 1405 ob
750 1359 774 1405 id
785 1359 844 1407 cele-

175 1425 223 1472 riua
236 1424 301 1472 saraia
315 1425 440 1486 remigibus,
458 1428 586 1484 potuerunt.
621 1420 680 1472 Cum
698 1423 721 1472 in
735 1424 788 1477 alto,
807 1422 845 1472 ubi
925 1422 926 1431 ’

176 1491 326 1543 nubatiterant,
343 1491 392 1536 cibo
407 1489 522 1536 reticerent
537 1489 602 1542 vires,
620 1489 783 1550 contemplatus
793 1487 845 1536 Eu-

175 1553 256 1602 damus
269 1556 355 1608 hostes,
368 1553 458 1600 alaudas
468 1553 622 1612 mutilatasque
633 1566 701 1599 naves
711 1553 792 1613 apertis
803 1567 845 1600 ua-

175 1618 241 1664 vrbua
257 1617 355 1664 remulco
374 1619 493 1670 trabentes,
509 1617 593 1679 uiginti
612 1618 677 1678 paulo
695 1618 789 1679 amplius
808 1617 845 1663 in·
924 1639 925 1650 ÷

175 1687 252 1742 tegnas
269 1681 419 1734 abscedentes,
439 1697 452 1728 e
471 1682 526 1730 turri
544 1681 655 1743 praeton‘ae
673 1683 737 1728 navis
756 1682 844 1728 silentio

174 1745 242 1800 facto,
265 1753 282 1776 ‘⁴
292 1744 442 1807 Exsurgite”
458 1746 538 1806 inquit,
548 1752 573 1792 ,“
583 1753 606 1791 et
623 1746 740 1807 egregium
757 1753 845 1808 specta-

175 1811 251 1860 culum
262 1812 370 1873 capeaute
379 1811 449 1856 oculis
457 1809 481 1858 !¹’
500 1808 667 1858 consurrexere
677 1825 771 1868 omnes;
789 1825 844 1860 con-

176 1877 318 1939 templatique
333 1875 501 1937 trepidationem
517 1873 638 1936 fugamque
651 1875 757 1930 hostium,
774 1889 844 1938 prope

176 1939 221 1986 und
228 1937 445 1988 voceexclamavire
454 1954 539 1992 omnes,
552 1947 577 1985 ut
588 1947 738 2000 sequerentur.
769 1939 844 2002 Ipaiua

174 2004 274 2052 Eudami
288 2005 365 2050 multia
380 2005 459 2050 ictibus
476 2004 591 2051 vulnerata
605 2005 668 2050 navia
684 2012 738 2052 erat.
774 2003 845 2052 Pam·

77 2118 81 2126 Ι
175 2068 281 2129 philidam
295 2076 319 2115 et
330 2067 476 2117 Chariclitum
491 2069 583 2128 insequi,
602 2069 674 2128 quoad
687 2076 791 2130 putarent
808 2077 845 2116 tu-

174 2140 231 2187 tum,
239 2133 314 2194 jussit.
334 2133 477 2193 Abquamdiu
489 2133 558 2180 secuti
569 2139 634 2178 sunt:
648 2141 765 2194 postquam
776 2141 844 2180 terrae

175 2197 362 2259 appropinquabat
373 2196 494 2249 Hannibal,
507 2197 572 2243 veriti
580 2211 609 2243 ne
615 2196 779 2246 includerentur
787 2211 844 2243 ven·

173 2267 199 2307 to
214 2261 238 2307 iu
252 2262 349 2308 boatium
368 2260 414 2314 ord,
431 2261 459 2308 nd
477 2261 604 2308 Eudamum
622 2262 710 2314 revecti,
728 2261 843 2322 hepterem
921 2281 922 2307 ÷

171 2333 269 2386 captam,
287 2341 339 2386 quae
348 2327 419 2388 primo
429 2340 540 2372 concursu
555 2326 599 2371 iota
613 2332 667 2379 arat,
684 2340 745 2386 aegre
757 2323 844 2372 Paua

173 2389 241 2436 iidem
252 2396 419 2451 pertraxerunt:
438 2389 491 2436 inde
505 2389 618 2442 Rhodum,
637 2403 681 2436 non
692 2397 738 2436 tam
749 2386 844 2436 victorii
858 2386 861 2394 '

174 2451 230 2506 isati,
247 2470 315 2515 quam
334 2455 390 2502 aliua
407 2454 475 2500 alium
494 2460 630 2506 accusantes,
647 2450 713 2513 quod,
730 2468 782 2500 oum
792 2469 844 2514 xpo-

174 2516 262 2570 tts'met,
275 2532 322 2565 non
331 2519 404 2564 omnia
415 2518 529 2564 submersa
539 2525 577 2564 aut
587 2524 650 2578 capta
659 2517 735 2564 classis
743 2517 842 2563 hostium

174 2575 240 2632 toret,
253 2582 370 2629 redierunt.
398 2580 520 2634 Hannibal,
532 2582 590 2628 ictua
600 2582 731 2644 uuoproelio
739 2581 842 2634 adverso,

176 2653 206 2686 ne
225 2649 273 2690 tum
290 2647 381 2706 quidem
398 2646 532 2708 preservehi
551 2645 645 2707 Lyciam
665 2645 765 2702 audebat,
789 2659 842 2696 cum
