<?xml version="1.0" encoding="UTF-8"?>
<!DOCTYPE html PUBLIC "-//W3C//DTD XHTML 1.0 Transitional//EN"
    "http://www.w3.org/TR/xhtml1/DTD/xhtml1-transitional.dtd">
<html xmlns="http://www.w3.org/1999/xhtml" xml:lang="en" lang="en">
 <head>
  <title>
</title>
<meta http-equiv="Content-Type" content="text/html;charset=utf-8" />
  <meta name='ocr-system' content='tesseract 3.04.00' />
  <meta name='ocr-capabilities' content='ocr_page ocr_carea ocr_par ocr_line ocrx_word'/>
</head>
<body>
  <div class='ocr_page' id='page_1' title='image "./tliviipatavinih04caregoog_0385.png"; bbox 0 0 1867 2925; ppageno 0'>
   <div class='ocr_carea' id='block_1_1' title="bbox 174 151 802 226">
    <p class='ocr_par' dir='ltr' id='par_1_1' title="bbox 174 151 802 226">
     <span class='ocr_line' id='line_1_1' title="bbox 174 151 802 226; baseline 0 -16"><span class='ocrx_word' id='word_1_1' title='bbox 174 213 177 226; x_wconf 33' lang='grc' dir='ltr'>ι</span> <span class='ocrx_word' id='word_1_2' title='bbox 207 155 238 210; x_wconf 80' lang='lat' dir='ltr'><strong>T.</strong></span> <span class='ocrx_word' id='word_1_3' title='bbox 253 151 346 210; x_wconf 39' lang='lat' dir='ltr'>L1v11v</span> <span class='ocrx_word' id='word_1_4' title='bbox 358 157 411 208; x_wconf 80' lang='lat' dir='ltr'><strong>Lm-</strong></span> <span class='ocrx_word' id='word_1_5' title='bbox 424 151 580 208; x_wconf 75' lang='lat' dir='ltr'><strong>XXXVIII·</strong></span> <span class='ocrx_word' id='word_1_6' title='bbox 599 155 660 215; x_wconf 68' lang='lat' dir='ltr'><strong>Cae.</strong></span> <span class='ocrx_word' id='word_1_7' title='bbox 674 164 714 207; x_wconf 75' lang='lat'><strong>⁹0.</strong></span> <span class='ocrx_word' id='word_1_8' title='bbox 753 162 802 210; x_wconf 71' lang='lat' dir='ltr'><strong>att</strong></span> 
     </span>
    </p>
   </div>
   <div class='ocr_carea' id='block_1_2' title="bbox 118 289 850 2807">
    <p class='ocr_par' dir='ltr' id='par_1_2' title="bbox 121 289 841 1642">
     <span class='ocr_line' id='line_1_2' title="bbox 157 289 801 354; baseline -0.002 -14"><span class='ocrx_word' id='word_1_9' title='bbox 157 291 234 340; x_wconf 76' lang='lat' dir='ltr'><strong>xix.</strong></span> <span class='ocrx_word' id='word_1_10' title='bbox 253 291 355 342; x_wconf 81' lang='lat' dir='ltr'><strong>Certiora</strong></span> <span class='ocrx_word' id='word_1_11' title='bbox 369 297 447 354; x_wconf 79' lang='lat' dir='ltr'><strong>postes</strong></span> <span class='ocrx_word' id='word_1_12' title='bbox 461 289 642 338; x_wconf 71' lang='lat' dir='ltr'><strong>Oroandensium</strong></span> <span class='ocrx_word' id='word_1_13' title='bbox 655 291 724 354; x_wconf 75' lang='lat' dir='ltr'><strong>hgatl</strong></span> <span class='ocrx_word' id='word_1_14' title='bbox 739 297 801 339; x_wconf 77' lang='lat' dir='ltr'><strong>attor·</strong></span> 
     </span>
     <span class='ocr_line' id='line_1_3' title="bbox 123 356 802 419; baseline -0.003 -13"><span class='ocrx_word' id='word_1_15' title='bbox 123 361 216 406; x_wconf 77' lang='lat' dir='ltr'><strong>ienmtz</strong></span> <span class='ocrx_word' id='word_1_16' title='bbox 239 365 255 388; x_wconf 78' lang='lat'><strong>⁴⁸</strong></span> <span class='ocrx_word' id='word_1_17' title='bbox 264 357 454 404; x_wconf 85' lang='lat' dir='ltr'><strong>Tolistoboiorum</strong></span> <span class='ocrx_word' id='word_1_18' title='bbox 468 357 583 402; x_wconf 71' lang='lat' dir='ltr'><strong>civitatem</strong></span> <span class='ocrx_word' id='word_1_19' title='bbox 599 356 722 419; x_wconf 86' lang='lat' dir='ltr'><strong>Olympum</strong></span> <span class='ocrx_word' id='word_1_20' title='bbox 735 371 802 404; x_wconf 87' lang='lat' dir='ltr'><strong>mon·</strong></span> 
     </span>
     <span class='ocr_line' id='line_1_4' title="bbox 123 420 802 486; baseline -0.006 -14"><span class='ocrx_word' id='word_1_21' title='bbox 123 431 175 472; x_wconf 78' lang='lat' dir='ltr'><strong>tem</strong></span> <span class='ocrx_word' id='word_1_22' title='bbox 186 423 269 486; x_wconf 81' lang='lat' dir='ltr'><strong>cepisse</strong></span> <span class='ocrx_word' id='word_1_23' title='bbox 275 441 283 480; x_wconf 89' lang='lat'>;</span> <span class='ocrx_word' id='word_1_24' title='bbox 299 423 401 468; x_wconf 78' lang='lat' dir='ltr'><strong>‹dversns</strong></span> <span class='ocrx_word' id='word_1_25' title='bbox 411 420 554 483; x_wconf 72' lang='lat' dir='ltr'><strong>Tectosagos</strong></span> <span class='ocrx_word' id='word_1_26' title='bbox 564 421 631 467; x_wconf 87' lang='lat' dir='ltr'><strong>alium</strong></span> <span class='ocrx_word' id='word_1_27' title='bbox 642 430 751 477; x_wconf 81' lang='lat' dir='ltr'><strong>montem,</strong></span> <span class='ocrx_word' id='word_1_28' title='bbox 764 423 802 484; x_wconf 84' lang='lat' dir='ltr'><strong>qui</strong></span> 
     </span>
     <span class='ocr_line' id='line_1_5' title="bbox 123 485 802 551; baseline -0.003 -15"><span class='ocrx_word' id='word_1_29' title='bbox 123 490 226 551; x_wconf 74' lang='lat' dir='ltr'><strong>Magaba</strong></span> <span class='ocrx_word' id='word_1_30' title='bbox 238 489 330 542; x_wconf 82' lang='lat' dir='ltr'><strong>dicatur,</strong></span> <span class='ocrx_word' id='word_1_31' title='bbox 342 488 438 549; x_wconf 65' lang='lat' dir='ltr'><strong>petitum</strong></span> <span class='ocrx_word' id='word_1_32' title='bbox 458 485 579 539; x_wconf 87' lang='lat' dir='ltr'><strong>Trocmos,</strong></span> <span class='ocrx_word' id='word_1_33' title='bbox 592 487 727 548; x_wconf 70' lang='lat' dir='ltr'><strong>conjugium</strong></span> <span class='ocrx_word' id='word_1_34' title='bbox 736 503 763 534; x_wconf 86' lang='lat' dir='ltr'><strong>ac</strong></span> <span class='ocrx_word' id='word_1_35' title='bbox 773 489 802 534; x_wconf 91' lang='lat' dir='ltr'><strong>li-</strong></span> 
     </span>
     <span class='ocr_line' id='line_1_6' title="bbox 123 552 802 616; baseline -0.003 -15"><span class='ocrx_word' id='word_1_36' title='bbox 123 555 184 602; x_wconf 83' lang='lat' dir='ltr'><strong>beris</strong></span> <span class='ocrx_word' id='word_1_37' title='bbox 197 555 254 616; x_wconf 83' lang='lat' dir='ltr'><strong>apud</strong></span> <span class='ocrx_word' id='word_1_38' title='bbox 269 553 411 614; x_wconf 75' lang='lat' dir='ltr'><strong>Tectosagos</strong></span> <span class='ocrx_word' id='word_1_39' title='bbox 426 552 540 614; x_wconf 70' lang='lat' dir='ltr'><strong>depositio,</strong></span> <span class='ocrx_word' id='word_1_40' title='bbox 558 559 694 598; x_wconf 86' lang='lat' dir='ltr'><strong>armatorum</strong></span> <span class='ocrx_word' id='word_1_41' title='bbox 711 553 802 613; x_wconf 80' lang='lat' dir='ltr'><strong>agmine</strong></span> 
     </span>
     <span class='ocr_line' id='line_1_7' title="bbox 124 615 801 668; baseline -0.004 -2"><span class='ocrx_word' id='word_1_42' title='bbox 124 619 271 668; x_wconf 87' lang='lat' dir='ltr'><strong>Tolistoboiis</strong></span> <span class='ocrx_word' id='word_1_43' title='bbox 288 619 392 666; x_wconf 75' lang='lat' dir='ltr'><strong>statuisse</strong></span> <span class='ocrx_word' id='word_1_44' title='bbox 406 617 513 663; x_wconf 79' lang='lat' dir='ltr'><strong>auxilium</strong></span> <span class='ocrx_word' id='word_1_45' title='bbox 523 615 609 663; x_wconf 75' lang='lat' dir='ltr'><strong>ferra”</strong></span> <span class='ocrx_word' id='word_1_46' title='bbox 643 616 717 663; x_wconf 74' lang='lat' dir='ltr'><strong>Erunt</strong></span> <span class='ocrx_word' id='word_1_47' title='bbox 727 625 801 663; x_wconf 85' lang='lat' dir='ltr'><strong>nutem</strong></span> 
     </span>
     <span class='ocr_line' id='line_1_8' title="bbox 124 680 802 748; baseline -0.003 -18"><span class='ocrx_word' id='word_1_48' title='bbox 124 689 181 730; x_wconf 87' lang='lat' dir='ltr'><strong>tunc</strong></span> <span class='ocrx_word' id='word_1_49' title='bbox 192 685 260 730; x_wconf 85' lang='lat' dir='ltr'><strong>trium</strong></span> <span class='ocrx_word' id='word_1_50' title='bbox 272 683 405 748; x_wconf 88' lang='lat' dir='ltr'><strong>populorum</strong></span> <span class='ocrx_word' id='word_1_51' title='bbox 421 683 493 744; x_wconf 82' lang='lat' dir='ltr'><strong>reguli</strong></span> <span class='ocrx_word' id='word_1_52' title='bbox 507 682 627 743; x_wconf 81' lang='lat' dir='ltr'><strong>Ortiagon,</strong></span> <span class='ocrx_word' id='word_1_53' title='bbox 643 688 667 728; x_wconf 89' lang='lat' dir='ltr'><strong>et</strong></span> <span class='ocrx_word' id='word_1_54' title='bbox 679 680 802 730; x_wconf 86' lang='lat' dir='ltr'><strong>Combolo-</strong></span> 
     </span>
     <span class='ocr_line' id='line_1_9' title="bbox 123 745 802 802; baseline -0.001 -7"><span class='ocrx_word' id='word_1_55' title='bbox 123 761 209 802; x_wconf 79' lang='lat' dir='ltr'><strong>marus,</strong></span> <span class='ocrx_word' id='word_1_56' title='bbox 233 755 256 794; x_wconf 88' lang='lat' dir='ltr'><strong>et</strong></span> <span class='ocrx_word' id='word_1_57' title='bbox 277 745 396 795; x_wconf 79' lang='lat' dir='ltr'><strong>Gaulotus.</strong></span> <span class='ocrx_word' id='word_1_58' title='bbox 437 745 469 792; x_wconf 90' lang='lat' dir='ltr'><strong>lis</strong></span> <span class='ocrx_word' id='word_1_59' title='bbox 490 747 540 792; x_wconf 83' lang='lat' dir='ltr'><strong>haec</strong></span> <span class='ocrx_word' id='word_1_60' title='bbox 559 747 657 793; x_wconf 83' lang='lat' dir='ltr'><strong>maxime</strong></span> <span class='ocrx_word' id='word_1_61' title='bbox 675 747 726 793; x_wconf 86' lang='lat' dir='ltr'><strong>belli</strong></span> <span class='ocrx_word' id='word_1_62' title='bbox 744 747 802 794; x_wconf 80' lang='lat' dir='ltr'><strong>ratio</strong></span> 
     </span>
     <span class='ocr_line' id='line_1_10' title="bbox 123 811 802 875; baseline -0.003 -15"><span class='ocrx_word' id='word_1_63' title='bbox 123 813 229 860; x_wconf 70' lang='lat' dir='ltr'><strong>manendi</strong></span> <span class='ocrx_word' id='word_1_64' title='bbox 244 812 325 866; x_wconf 86' lang='lat' dir='ltr'><strong>iuerat,</strong></span> <span class='ocrx_word' id='word_1_65' title='bbox 343 811 409 873; x_wconf 90' lang='lat' dir='ltr'><strong>quod,</strong></span> <span class='ocrx_word' id='word_1_66' title='bbox 429 827 481 858; x_wconf 84' lang='lat' dir='ltr'><strong>cum</strong></span> <span class='ocrx_word' id='word_1_67' title='bbox 498 818 587 858; x_wconf 80' lang='lat' dir='ltr'><strong>montes</strong></span> <span class='ocrx_word' id='word_1_68' title='bbox 602 811 737 858; x_wconf 78' lang='lat' dir='ltr'><strong>editissimos</strong></span> <span class='ocrx_word' id='word_1_69' title='bbox 752 814 802 875; x_wconf 80' lang='lat' dir='ltr'><strong>eJus</strong></span> 
     </span>
     <span class='ocr_line' id='line_1_11' title="bbox 123 877 801 940; baseline -0.001 -16"><span class='ocrx_word' id='word_1_70' title='bbox 123 879 225 940; x_wconf 74' lang='lat' dir='ltr'><strong>regionis</strong></span> <span class='ocrx_word' id='word_1_71' title='bbox 242 883 352 930; x_wconf 85' lang='lat' dir='ltr'><strong>tenerent,</strong></span> <span class='ocrx_word' id='word_1_72' title='bbox 372 878 487 924; x_wconf 86' lang='lat' dir='ltr'><strong>convectis</strong></span> <span class='ocrx_word' id='word_1_73' title='bbox 502 877 606 923; x_wconf 88' lang='lat' dir='ltr'><strong>omnibns</strong></span> <span class='ocrx_word' id='word_1_74' title='bbox 622 892 674 937; x_wconf 83' lang='lat' dir='ltr'><strong>quae</strong></span> <span class='ocrx_word' id='word_1_75' title='bbox 690 878 718 923; x_wconf 87' lang='lat' dir='ltr'><strong>ud</strong></span> <span class='ocrx_word' id='word_1_76' title='bbox 735 891 801 923; x_wconf 89' lang='lat' dir='ltr'><strong>usum</strong></span> 
     </span>
     <span class='ocr_line' id='line_1_12' title="bbox 125 941 802 1005; baseline -0.004 -15"><span class='ocrx_word' id='word_1_77' title='bbox 125 944 229 1004; x_wconf 85' lang='lat' dir='ltr'><strong>quamvis</strong></span> <span class='ocrx_word' id='word_1_78' title='bbox 244 943 308 1005; x_wconf 84' lang='lat' dir='ltr'><strong>longi</strong></span> <span class='ocrx_word' id='word_1_79' title='bbox 325 943 431 1003; x_wconf 87' lang='lat' dir='ltr'><strong>temporis</strong></span> <span class='ocrx_word' id='word_1_80' title='bbox 446 941 581 994; x_wconf 84' lang='lat' dir='ltr'><strong>sufficerent,</strong></span> <span class='ocrx_word' id='word_1_81' title='bbox 598 942 667 988; x_wconf 77' lang='lat' dir='ltr'><strong>taedio</strong></span> <span class='ocrx_word' id='word_1_82' title='bbox 683 957 707 988; x_wconf 89' lang='lat' dir='ltr'><strong>se</strong></span> <span class='ocrx_word' id='word_1_83' title='bbox 720 941 802 1004; x_wconf 80' lang='lat' dir='ltr'><strong>fatiga·</strong></span> 
     </span>
     <span class='ocr_line' id='line_1_13' title="bbox 123 1005 802 1068; baseline -0.004 -13"><span class='ocrx_word' id='word_1_84' title='bbox 123 1017 189 1055; x_wconf 88' lang='lat' dir='ltr'><strong>turos</strong></span> <span class='ocrx_word' id='word_1_85' title='bbox 204 1009 293 1054; x_wconf 84' lang='lat' dir='ltr'><strong>hostem</strong></span> <span class='ocrx_word' id='word_1_86' title='bbox 307 1007 441 1055; x_wconf 81' lang='lat' dir='ltr'><strong>censebant:</strong></span> <span class='ocrx_word' id='word_1_87' title='bbox 465 1014 482 1036; x_wconf 86' lang='lat'>“</span> <span class='ocrx_word' id='word_1_88' title='bbox 491 1005 552 1052; x_wconf 83' lang='lat' dir='ltr'><strong>Nam</strong></span> <span class='ocrx_word' id='word_1_89' title='bbox 568 1021 640 1068; x_wconf 86' lang='lat' dir='ltr'><strong>neque</strong></span> <span class='ocrx_word' id='word_1_90' title='bbox 654 1021 748 1052; x_wconf 81' lang='lat' dir='ltr'><strong>nusuros</strong></span> <span class='ocrx_word' id='word_1_91' title='bbox 761 1021 802 1068; x_wconf 92' lang='lat' dir='ltr'><strong>per</strong></span> 
     </span>
     <span class='ocr_line' id='line_1_14' title="bbox 123 1069 802 1134; baseline -0.003 -14"><span class='ocrx_word' id='word_1_92' title='bbox 123 1081 171 1120; x_wconf 74' lang='lat' dir='ltr'><strong>num</strong></span> <span class='ocrx_word' id='word_1_93' title='bbox 183 1074 253 1120; x_wconf 81' lang='lat' dir='ltr'><strong>ardua</strong></span> <span class='ocrx_word' id='word_1_94' title='bbox 263 1080 329 1134; x_wconf 84' lang='lat' dir='ltr'><strong>atque</strong></span> <span class='ocrx_word' id='word_1_95' title='bbox 339 1073 414 1132; x_wconf 83' lang='lat' dir='ltr'><strong>inique</strong></span> <span class='ocrx_word' id='word_1_96' title='bbox 428 1069 479 1118; x_wconf 81' lang='lat' dir='ltr'><strong>loca</strong></span> <span class='ocrx_word' id='word_1_97' title='bbox 493 1072 566 1117; x_wconf 86' lang='lat' dir='ltr'><strong>subire</strong></span> <span class='ocrx_word' id='word_1_98' title='bbox 579 1087 632 1117; x_wconf 80' lang='lat' dir='ltr'><strong>eos:</strong></span> <span class='ocrx_word' id='word_1_99' title='bbox 652 1079 682 1125; x_wconf 83' lang='lat' dir='ltr'><strong>et,</strong></span> <span class='ocrx_word' id='word_1_100' title='bbox 699 1072 717 1118; x_wconf 85' lang='lat' dir='ltr'><strong>si</strong></span> <span class='ocrx_word' id='word_1_101' title='bbox 732 1085 802 1118; x_wconf 80' lang='lat' dir='ltr'><strong>eona·</strong></span> 
     </span>
     <span class='ocr_line' id='line_1_15' title="bbox 124 1135 798 1200; baseline -0.001 -16"><span class='ocrx_word' id='word_1_102' title='bbox 124 1146 211 1191; x_wconf 88' lang='lat' dir='ltr'><strong>rentur,</strong></span> <span class='ocrx_word' id='word_1_103' title='bbox 228 1139 265 1184; x_wconf 78' lang='lat' dir='ltr'><strong>vel</strong></span> <span class='ocrx_word' id='word_1_104' title='bbox 278 1135 346 1199; x_wconf 77' lang='lat' dir='ltr'><strong>parvi</strong></span> <span class='ocrx_word' id='word_1_105' title='bbox 359 1145 427 1183; x_wconf 83' lang='lat' dir='ltr'><strong>manu</strong></span> <span class='ocrx_word' id='word_1_106' title='bbox 437 1137 549 1198; x_wconf 78' lang='lat' dir='ltr'><strong>prohiberi</strong></span> <span class='ocrx_word' id='word_1_107' title='bbox 560 1151 586 1183; x_wconf 83' lang='lat' dir='ltr'><strong>nc</strong></span> <span class='ocrx_word' id='word_1_108' title='bbox 596 1137 706 1183; x_wconf 69' lang='lat' dir='ltr'><strong>coornari</strong></span> <span class='ocrx_word' id='word_1_109' title='bbox 717 1151 798 1200; x_wconf 81' lang='lat' dir='ltr'><strong>posse:</strong></span> 
     </span>
     <span class='ocr_line' id='line_1_16' title="bbox 121 1201 841 1264; baseline -0.004 -14"><span class='ocrx_word' id='word_1_110' title='bbox 121 1217 175 1256; x_wconf 86' lang='lat' dir='ltr'><strong>nec,</strong></span> <span class='ocrx_word' id='word_1_111' title='bbox 187 1204 275 1264; x_wconf 89' lang='lat' dir='ltr'><strong>quietos</strong></span> <span class='ocrx_word' id='word_1_112' title='bbox 285 1204 308 1248; x_wconf 90' lang='lat' dir='ltr'><strong>in</strong></span> <span class='ocrx_word' id='word_1_113' title='bbox 317 1201 426 1249; x_wconf 76' lang='lat' dir='ltr'><strong>radicibus</strong></span> <span class='ocrx_word' id='word_1_114' title='bbox 434 1201 560 1264; x_wconf 78' lang='lat' dir='ltr'><strong>gelidorum</strong></span> <span class='ocrx_word' id='word_1_115' title='bbox 569 1202 679 1248; x_wconf 88' lang='lat' dir='ltr'><strong>montium</strong></span> <span class='ocrx_word' id='word_1_116' title='bbox 688 1203 799 1255; x_wconf 83' lang='lat' dir='ltr'><strong>sedentes,</strong></span> <span class='ocrx_word' id='word_1_117' title='bbox 837 1228 841 1238; x_wconf 64' lang='grc' dir='ltr'>ι</span> 
     </span>
     <span class='ocr_line' id='line_1_17' title="bbox 122 1265 801 1330; baseline -0.001 -16"><span class='ocrx_word' id='word_1_118' title='bbox 122 1268 198 1330; x_wconf 83' lang='lat' dir='ltr'><strong>frigus</strong></span> <span class='ocrx_word' id='word_1_119' title='bbox 213 1275 252 1314; x_wconf 87' lang='lat' dir='ltr'><strong>aut</strong></span> <span class='ocrx_word' id='word_1_120' title='bbox 265 1268 363 1330; x_wconf 84' lang='lat' dir='ltr'><strong>inopiam</strong></span> <span class='ocrx_word' id='word_1_121' title='bbox 379 1265 492 1313; x_wconf 83' lang='lat' dir='ltr'><strong>laturos.”</strong></span> <span class='ocrx_word' id='word_1_122' title='bbox 525 1266 559 1312; x_wconf 86' lang='lat' dir='ltr'><strong>Et</strong></span> <span class='ocrx_word' id='word_1_123' title='bbox 575 1281 626 1312; x_wconf 87' lang='lat' dir='ltr'><strong>cum</strong></span> <span class='ocrx_word' id='word_1_124' title='bbox 642 1267 691 1327; x_wconf 84' lang='lat' dir='ltr'><strong>ipsa</strong></span> <span class='ocrx_word' id='word_1_125' title='bbox 707 1268 801 1314; x_wconf 82' lang='lat' dir='ltr'><strong>altitudo</strong></span> 
     </span>
     <span class='ocr_line' id='line_1_18' title="bbox 123 1331 802 1392; baseline -0.006 -12"><span class='ocrx_word' id='word_1_126' title='bbox 123 1334 227 1380; x_wconf 78' lang='lat' dir='ltr'><strong>locorum</strong></span> <span class='ocrx_word' id='word_1_127' title='bbox 242 1348 281 1379; x_wconf 87' lang='lat' dir='ltr'><strong>eos</strong></span> <span class='ocrx_word' id='word_1_128' title='bbox 296 1339 412 1385; x_wconf 86' lang='lat' dir='ltr'><strong>tutaretur,</strong></span> <span class='ocrx_word' id='word_1_129' title='bbox 428 1331 514 1378; x_wconf 83' lang='lat' dir='ltr'><strong>fossam</strong></span> <span class='ocrx_word' id='word_1_130' title='bbox 529 1346 619 1392; x_wconf 91' lang='lat' dir='ltr'><strong>quoque</strong></span> <span class='ocrx_word' id='word_1_131' title='bbox 633 1339 656 1376; x_wconf 88' lang='lat' dir='ltr'><strong>et</strong></span> <span class='ocrx_word' id='word_1_132' title='bbox 670 1332 713 1379; x_wconf 83' lang='lat' dir='ltr'><strong>atio</strong></span> <span class='ocrx_word' id='word_1_133' title='bbox 727 1332 802 1376; x_wconf 85' lang='lat' dir='ltr'><strong>muni-</strong></span> 
     </span>
     <span class='ocr_line' id='line_1_19' title="bbox 122 1393 798 1459; baseline -0.006 -14"><span class='ocrx_word' id='word_1_134' title='bbox 122 1405 202 1445; x_wconf 82' lang='lat' dir='ltr'><strong>menta</strong></span> <span class='ocrx_word' id='word_1_135' title='bbox 219 1397 338 1444; x_wconf 77' lang='lat' dir='ltr'><strong>verticibus</strong></span> <span class='ocrx_word' id='word_1_136' title='bbox 354 1397 387 1450; x_wconf 89' lang='lat' dir='ltr'><strong>iis,</strong></span> <span class='ocrx_word' id='word_1_137' title='bbox 409 1411 465 1457; x_wconf 89' lang='lat' dir='ltr'><strong>quos</strong></span> <span class='ocrx_word' id='word_1_138' title='bbox 482 1397 615 1450; x_wconf 78' lang='lat' dir='ltr'><strong>insederunt,</strong></span> <span class='ocrx_word' id='word_1_139' title='bbox 634 1393 798 1459; x_wconf 70' lang='lat' dir='ltr'><strong>circumjeodre.</strong></span> 
     </span>
     <span class='ocr_line' id='line_1_20' title="bbox 123 1462 801 1526; baseline -0.006 -14"><span class='ocrx_word' id='word_1_140' title='bbox 123 1465 225 1514; x_wconf 81' lang='lat' dir='ltr'><strong>Minima</strong></span> <span class='ocrx_word' id='word_1_141' title='bbox 235 1463 352 1526; x_wconf 84' lang='lat' dir='ltr'><strong>appamttls</strong></span> <span class='ocrx_word' id='word_1_142' title='bbox 363 1462 481 1509; x_wconf 83' lang='lat' dir='ltr'><strong>missilium</strong></span> <span class='ocrx_word' id='word_1_143' title='bbox 495 1463 592 1509; x_wconf 78' lang='lat' dir='ltr'><strong>telorum</strong></span> <span class='ocrx_word' id='word_1_144' title='bbox 607 1476 662 1508; x_wconf 86' lang='lat' dir='ltr'><strong>curo</strong></span> <span class='ocrx_word' id='word_1_145' title='bbox 673 1462 725 1516; x_wconf 82' lang='lat' dir='ltr'><strong>fuit,</strong></span> <span class='ocrx_word' id='word_1_146' title='bbox 740 1462 801 1523; x_wconf 87' lang='lat' dir='ltr'><strong>qnod</strong></span> 
     </span>
     <span class='ocr_line' id='line_1_21' title="bbox 124 1528 800 1590; baseline -0.006 -13"><span class='ocrx_word' id='word_1_147' title='bbox 124 1544 180 1577; x_wconf 83' lang='lat' dir='ltr'><strong>sexa</strong></span> <span class='ocrx_word' id='word_1_148' title='bbox 194 1528 277 1575; x_wconf 83' lang='lat' dir='ltr'><strong>affatim</strong></span> <span class='ocrx_word' id='word_1_149' title='bbox 294 1529 436 1590; x_wconf 81' lang='lat' dir='ltr'><strong>praebituram</strong></span> <span class='ocrx_word' id='word_1_150' title='bbox 454 1528 596 1589; x_wconf 66' lang='lat' dir='ltr'><strong>asperitatem</strong></span> <span class='ocrx_word' id='word_1_151' title='bbox 611 1528 683 1589; x_wconf 84' lang='lat' dir='ltr'><strong>ipsam</strong></span> <span class='ocrx_word' id='word_1_152' title='bbox 699 1528 800 1573; x_wconf 88' lang='lat' dir='ltr'><strong>locorum</strong></span> 
     </span>
     <span class='ocr_line' id='line_1_22' title="bbox 121 1595 251 1642; baseline -0.023 0"><span class='ocrx_word' id='word_1_153' title='bbox 121 1595 251 1642; x_wconf 80' lang='lat' dir='ltr'><strong>credebant</strong></span> 
     </span>
    </p>

    <p class='ocr_par' dir='ltr' id='par_1_3' title="bbox 118 1657 850 2807">
     <span class='ocr_line' id='line_1_23' title="bbox 158 1657 801 1720; baseline -0.002 -14"><span class='ocrx_word' id='word_1_154' title='bbox 158 1658 219 1706; x_wconf 84' lang='lat' dir='ltr'><strong>XX.</strong></span> <span class='ocrx_word' id='word_1_155' title='bbox 242 1657 337 1712; x_wconf 86' lang='lat' dir='ltr'><strong>Consul,</strong></span> <span class='ocrx_word' id='word_1_156' title='bbox 358 1657 473 1719; x_wconf 84' lang='lat' dir='ltr'><strong>quianon</strong></span> <span class='ocrx_word' id='word_1_157' title='bbox 488 1658 614 1704; x_wconf 86' lang='lat' dir='ltr'><strong>comminus</strong></span> <span class='ocrx_word' id='word_1_158' title='bbox 632 1672 740 1720; x_wconf 78' lang='lat' dir='ltr'><strong>pugnam,</strong></span> <span class='ocrx_word' id='word_1_159' title='bbox 761 1659 801 1705; x_wconf 84' lang='lat' dir='ltr'><strong>sed</strong></span> 
     </span>
     <span class='ocr_line' id='line_1_24' title="bbox 122 1721 799 1789; baseline -0.003 -18"><span class='ocrx_word' id='word_1_160' title='bbox 122 1724 204 1789; x_wconf 83' lang='lat' dir='ltr'><strong>procul</strong></span> <span class='ocrx_word' id='word_1_161' title='bbox 212 1724 269 1770; x_wconf 91' lang='lat' dir='ltr'><strong>locis</strong></span> <span class='ocrx_word' id='word_1_162' title='bbox 281 1722 443 1786; x_wconf 80' lang='lat' dir='ltr'><strong>oppugnandis,</strong></span> <span class='ocrx_word' id='word_1_163' title='bbox 459 1721 558 1768; x_wconf 75' lang='lat' dir='ltr'><strong>fistucam</strong></span> <span class='ocrx_word' id='word_1_164' title='bbox 568 1730 706 1785; x_wconf 65' lang='lat' dir='ltr'><strong>preceperat</strong></span> <span class='ocrx_word' id='word_1_165' title='bbox 716 1724 799 1776; x_wconf 83' lang='lat' dir='ltr'><strong>animo,</strong></span> 
     </span>
     <span class='ocr_line' id='line_1_25' title="bbox 119 1786 801 1852; baseline -0.006 -15"><span class='ocrx_word' id='word_1_166' title='bbox 119 1794 241 1852; x_wconf 82' lang='lat' dir='ltr'><strong>ingentem</strong></span> <span class='ocrx_word' id='word_1_167' title='bbox 253 1790 298 1834; x_wconf 85' lang='lat' dir='ltr'><strong>vim</strong></span> <span class='ocrx_word' id='word_1_168' title='bbox 310 1790 413 1850; x_wconf 86' lang='lat' dir='ltr'><strong>pilorum,</strong></span> <span class='ocrx_word' id='word_1_169' title='bbox 429 1786 555 1833; x_wconf 72' lang='lat' dir='ltr'><strong>velitarium</strong></span> <span class='ocrx_word' id='word_1_170' title='bbox 570 1788 692 1840; x_wconf 60' lang='lat' dir='ltr'><strong>imarum,</strong></span> <span class='ocrx_word' id='word_1_171' title='bbox 707 1788 801 1849; x_wconf 80' lang='lat' dir='ltr'><strong>sagitta-</strong></span> 
     </span>
     <span class='ocr_line' id='line_1_26' title="bbox 122 1849 801 1917; baseline -0.01 -14"><span class='ocrx_word' id='word_1_172' title='bbox 122 1870 183 1909; x_wconf 87' lang='lat' dir='ltr'><strong>rum,</strong></span> <span class='ocrx_word' id='word_1_173' title='bbox 199 1853 338 1917; x_wconf 79' lang='lat' dir='ltr'><strong>glandisque,</strong></span> <span class='ocrx_word' id='word_1_174' title='bbox 355 1860 378 1899; x_wconf 82' lang='lat' dir='ltr'><strong>et</strong></span> <span class='ocrx_word' id='word_1_175' title='bbox 388 1852 534 1905; x_wconf 81' lang='lat' dir='ltr'><strong>modicorum,</strong></span> <span class='ocrx_word' id='word_1_176' title='bbox 551 1852 588 1912; x_wconf 91' lang='lat' dir='ltr'><strong>qui</strong></span> <span class='ocrx_word' id='word_1_177' title='bbox 598 1849 668 1897; x_wconf 70' lang='lat' dir='ltr'><strong>mous</strong></span> <span class='ocrx_word' id='word_1_178' title='bbox 678 1852 736 1897; x_wconf 86' lang='lat' dir='ltr'><strong>mitti</strong></span> <span class='ocrx_word' id='word_1_179' title='bbox 747 1866 801 1912; x_wconf 86' lang='lat' dir='ltr'><strong>pos-</strong></span> 
     </span>
     <span class='ocr_line' id='line_1_27' title="bbox 121 1916 801 1981; baseline -0.007 -15"><span class='ocrx_word' id='word_1_180' title='bbox 121 1928 182 1973; x_wconf 83' lang='lat' dir='ltr'><strong>sent,</strong></span> <span class='ocrx_word' id='word_1_181' title='bbox 195 1920 301 1981; x_wconf 76' lang='lat' dir='ltr'><strong>lapidum</strong></span> <span class='ocrx_word' id='word_1_182' title='bbox 314 1924 441 1980; x_wconf 76' lang='lat' dir='ltr'><strong>paraverat:</strong></span> <span class='ocrx_word' id='word_1_183' title='bbox 457 1917 625 1976; x_wconf 85' lang='lat' dir='ltr'><strong>instructusque</strong></span> <span class='ocrx_word' id='word_1_184' title='bbox 634 1916 752 1962; x_wconf 87' lang='lat' dir='ltr'><strong>missilium</strong></span> <span class='ocrx_word' id='word_1_185' title='bbox 761 1930 801 1978; x_wconf 84' lang='lat' dir='ltr'><strong>ap-</strong></span> 
     </span>
     <span class='ocr_line' id='line_1_28' title="bbox 119 1980 802 2049; baseline -0.01 -16"><span class='ocrx_word' id='word_1_186' title='bbox 119 1992 203 2049; x_wconf 77' lang='lat' dir='ltr'><strong>paratu</strong></span> <span class='ocrx_word' id='word_1_187' title='bbox 214 1984 241 2031; x_wconf 89' lang='lat' dir='ltr'><strong>ad</strong></span> <span class='ocrx_word' id='word_1_188' title='bbox 251 1984 374 2046; x_wconf 85' lang='lat' dir='ltr'><strong>Olympum</strong></span> <span class='ocrx_word' id='word_1_189' title='bbox 384 1989 484 2029; x_wconf 85' lang='lat' dir='ltr'><strong>montem</strong></span> <span class='ocrx_word' id='word_1_190' title='bbox 492 1982 561 2034; x_wconf 90' lang='lat' dir='ltr'><strong>ducit,</strong></span> <span class='ocrx_word' id='word_1_191' title='bbox 573 1988 596 2027; x_wconf 92' lang='lat' dir='ltr'><strong>et</strong></span> <span class='ocrx_word' id='word_1_192' title='bbox 603 1997 617 2027; x_wconf 87' lang='lat' dir='ltr'><strong>a</strong></span> <span class='ocrx_word' id='word_1_193' title='bbox 624 1982 723 2042; x_wconf 84' lang='lat' dir='ltr'><strong>quinque</strong></span> <span class='ocrx_word' id='word_1_194' title='bbox 730 1980 802 2027; x_wconf 82' lang='lat' dir='ltr'><strong>lemno</strong></span> 
     </span>
     <span class='ocr_line' id='line_1_29' title="bbox 120 2046 801 2108; baseline -0.007 -11"><span class='ocrx_word' id='word_1_195' title='bbox 120 2051 222 2098; x_wconf 88' lang='lat' dir='ltr'><strong>millibus</strong></span> <span class='ocrx_word' id='word_1_196' title='bbox 232 2050 292 2096; x_wconf 83' lang='lat' dir='ltr'><strong>locat</strong></span> <span class='ocrx_word' id='word_1_197' title='bbox 304 2056 382 2095; x_wconf 70' lang='lat' dir='ltr'><strong>castre.</strong></span> <span class='ocrx_word' id='word_1_198' title='bbox 416 2046 513 2094; x_wconf 86' lang='lat' dir='ltr'><strong>Postero</strong></span> <span class='ocrx_word' id='word_1_199' title='bbox 522 2046 559 2092; x_wconf 85' lang='lat' dir='ltr'><strong>die</strong></span> <span class='ocrx_word' id='word_1_200' title='bbox 568 2059 620 2093; x_wconf 81' lang='lat' dir='ltr'><strong>cum</strong></span> <span class='ocrx_word' id='word_1_201' title='bbox 632 2046 801 2108; x_wconf 81' lang='lat' dir='ltr'><strong>quadringentis</strong></span> 
     </span>
     <span class='ocr_line' id='line_1_30' title="bbox 120 2112 800 2179; baseline -0.009 -17"><span class='ocrx_word' id='word_1_202' title='bbox 120 2114 236 2179; x_wconf 82' lang='lat' dir='ltr'><strong>equitibus</strong></span> <span class='ocrx_word' id='word_1_203' title='bbox 258 2121 280 2161; x_wconf 87' lang='lat' dir='ltr'><strong>et</strong></span> <span class='ocrx_word' id='word_1_204' title='bbox 304 2114 382 2160; x_wconf 86' lang='lat' dir='ltr'><strong>Attalo</strong></span> <span class='ocrx_word' id='word_1_205' title='bbox 404 2126 548 2175; x_wconf 82' lang='lat' dir='ltr'><strong>progressum</strong></span> <span class='ocrx_word' id='word_1_206' title='bbox 568 2125 627 2165; x_wconf 89' lang='lat' dir='ltr'><strong>eum,</strong></span> <span class='ocrx_word' id='word_1_207' title='bbox 651 2112 679 2157; x_wconf 87' lang='lat' dir='ltr'><strong>ad</strong></span> <span class='ocrx_word' id='word_1_208' title='bbox 698 2118 800 2157; x_wconf 85' lang='lat' dir='ltr'><strong>naturam</strong></span> 
     </span>
     <span class='ocr_line' id='line_1_31' title="bbox 122 2176 850 2240; baseline -0.008 -12"><span class='ocrx_word' id='word_1_209' title='bbox 122 2181 209 2229; x_wconf 86' lang='lat' dir='ltr'><strong>montis</strong></span> <span class='ocrx_word' id='word_1_210' title='bbox 232 2180 344 2240; x_wconf 87' lang='lat' dir='ltr'><strong>situmque</strong></span> <span class='ocrx_word' id='word_1_211' title='bbox 366 2178 506 2225; x_wconf 86' lang='lat' dir='ltr'><strong>Gallicorum</strong></span> <span class='ocrx_word' id='word_1_212' title='bbox 529 2184 652 2223; x_wconf 85' lang='lat' dir='ltr'><strong>castrorum</strong></span> <span class='ocrx_word' id='word_1_213' title='bbox 674 2176 799 2229; x_wconf 80' lang='lat' dir='ltr'><strong>visendum,</strong></span> <span class='ocrx_word' id='word_1_214' title='bbox 825 2220 829 2230; x_wconf 84' lang='grc'><em>,</em></span> <span class='ocrx_word' id='word_1_215' title='bbox 847 2177 850 2182; x_wconf 85' lang='grc'><strong>“</strong></span> 
     </span>
     <span class='ocr_line' id='line_1_32' title="bbox 121 2240 801 2308; baseline -0.012 -15"><span class='ocrx_word' id='word_1_216' title='bbox 121 2247 212 2308; x_wconf 79' lang='lat' dir='ltr'><strong>equites</strong></span> <span class='ocrx_word' id='word_1_217' title='bbox 226 2245 333 2298; x_wconf 87' lang='lat' dir='ltr'><strong>hostium,</strong></span> <span class='ocrx_word' id='word_1_218' title='bbox 352 2242 434 2304; x_wconf 80' lang='lat' dir='ltr'><strong>duplex</strong></span> <span class='ocrx_word' id='word_1_219' title='bbox 453 2256 567 2295; x_wconf 83' lang='lat' dir='ltr'><strong>numerus,</strong></span> <span class='ocrx_word' id='word_1_220' title='bbox 587 2240 652 2289; x_wconf 84' lang='lat' dir='ltr'><strong>effusi</strong></span> <span class='ocrx_word' id='word_1_221' title='bbox 671 2242 756 2293; x_wconf 86' lang='lat' dir='ltr'><strong>castris,</strong></span> <span class='ocrx_word' id='word_1_222' title='bbox 776 2240 801 2285; x_wconf 89' lang='lat' dir='ltr'><strong>in</strong></span> 
     </span>
     <span class='ocr_line' id='line_1_33' title="bbox 121 2306 799 2373; baseline -0.01 -16"><span class='ocrx_word' id='word_1_223' title='bbox 121 2312 203 2373; x_wconf 76' lang='lat' dir='ltr'><strong>fingam</strong></span> <span class='ocrx_word' id='word_1_224' title='bbox 219 2316 355 2357; x_wconf 85' lang='lat' dir='ltr'><strong>averterunt.</strong></span> <span class='ocrx_word' id='word_1_225' title='bbox 391 2306 468 2354; x_wconf 87' lang='lat' dir='ltr'><strong>Occisi</strong></span> <span class='ocrx_word' id='word_1_226' title='bbox 482 2321 572 2367; x_wconf 89' lang='lat' dir='ltr'><strong>quoque</strong></span> <span class='ocrx_word' id='word_1_227' title='bbox 581 2306 646 2369; x_wconf 87' lang='lat' dir='ltr'><strong>ponci</strong></span> <span class='ocrx_word' id='word_1_228' title='bbox 656 2306 799 2368; x_wconf 79' lang='lat' dir='ltr'><strong>fugientium,</strong></span> 
     </span>
     <span class='ocr_line' id='line_1_34' title="bbox 123 2370 801 2436; baseline -0.013 -11"><span class='ocrx_word' id='word_1_229' title='bbox 123 2375 237 2425; x_wconf 76' lang='lat' dir='ltr'><strong>vulnerati</strong></span> <span class='ocrx_word' id='word_1_230' title='bbox 253 2376 335 2436; x_wconf 84' lang='lat' dir='ltr'><strong>plures.</strong></span> <span class='ocrx_word' id='word_1_231' title='bbox 370 2372 450 2419; x_wconf 88' lang='lat' dir='ltr'><strong>Tertio</strong></span> <span class='ocrx_word' id='word_1_232' title='bbox 468 2372 504 2419; x_wconf 90' lang='lat' dir='ltr'><strong>die</strong></span> <span class='ocrx_word' id='word_1_233' title='bbox 520 2387 572 2419; x_wconf 76' lang='lat' dir='ltr'><strong>etms</strong></span> <span class='ocrx_word' id='word_1_234' title='bbox 589 2372 691 2417; x_wconf 85' lang='lat' dir='ltr'><strong>omnibus</strong></span> <span class='ocrx_word' id='word_1_235' title='bbox 707 2370 735 2417; x_wconf 84' lang='lat' dir='ltr'><strong>ad</strong></span> <span class='ocrx_word' id='word_1_236' title='bbox 750 2370 801 2416; x_wconf 70' lang='lat' dir='ltr'><strong>lon</strong></span> 
     </span>
     <span class='ocr_line' id='line_1_35' title="bbox 122 2434 801 2503; baseline -0.012 -15"><span class='ocrx_word' id='word_1_237' title='bbox 122 2440 263 2503; x_wconf 74' lang='lat' dir='ltr'><strong>explormda</strong></span> <span class='ocrx_word' id='word_1_238' title='bbox 272 2438 393 2503; x_wconf 80' lang='lat' dir='ltr'><strong>profectus,</strong></span> <span class='ocrx_word' id='word_1_239' title='bbox 406 2436 458 2497; x_wconf 84' lang='lat' dir='ltr'><strong>quis</strong></span> <span class='ocrx_word' id='word_1_240' title='bbox 466 2452 536 2483; x_wconf 88' lang='lat' dir='ltr'><strong>nemo</strong></span> <span class='ocrx_word' id='word_1_241' title='bbox 546 2438 643 2483; x_wconf 82' lang='lat' dir='ltr'><strong>hostium</strong></span> <span class='ocrx_word' id='word_1_242' title='bbox 652 2442 716 2481; x_wconf 82' lang='lat' dir='ltr'><strong>extra</strong></span> <span class='ocrx_word' id='word_1_243' title='bbox 726 2434 801 2481; x_wconf 75' lang='lat' dir='ltr'><strong>mum-</strong></span> 
     </span>
     <span class='ocr_line' id='line_1_36' title="bbox 119 2499 801 2568; baseline -0.01 -15"><span class='ocrx_word' id='word_1_244' title='bbox 119 2512 203 2553; x_wconf 81' lang='lat' dir='ltr'><strong>menta</strong></span> <span class='ocrx_word' id='word_1_245' title='bbox 213 2505 329 2568; x_wconf 85' lang='lat' dir='ltr'><strong>processit,</strong></span> <span class='ocrx_word' id='word_1_246' title='bbox 344 2510 395 2550; x_wconf 91' lang='lat' dir='ltr'><strong>tuto</strong></span> <span class='ocrx_word' id='word_1_247' title='bbox 406 2502 569 2549; x_wconf 79' lang='lat' dir='ltr'><strong>cirumveoms</strong></span> <span class='ocrx_word' id='word_1_248' title='bbox 579 2509 686 2554; x_wconf 87' lang='lat' dir='ltr'><strong>montem,</strong></span> <span class='ocrx_word' id='word_1_249' title='bbox 701 2499 801 2547; x_wconf 77' lang='lat' dir='ltr'><strong>minod-</strong></span> 
     </span>
     <span class='ocr_line' id='line_1_37' title="bbox 120 2566 800 2630; baseline -0.012 -10"><span class='ocrx_word' id='word_1_250' title='bbox 120 2570 200 2625; x_wconf 66' lang='grc' dir='ltr'><strong>νει-Εἰ,</strong></span> <span class='ocrx_word' id='word_1_251' title='bbox 216 2567 339 2617; x_wconf 81' lang='lat' dir='ltr'><strong>meridiani</strong></span> <span class='ocrx_word' id='word_1_252' title='bbox 352 2568 444 2630; x_wconf 80' lang='lat' dir='ltr'><strong>regione</strong></span> <span class='ocrx_word' id='word_1_253' title='bbox 459 2574 561 2613; x_wconf 80' lang='lat' dir='ltr'><strong>terrenos</strong></span> <span class='ocrx_word' id='word_1_254' title='bbox 575 2574 599 2612; x_wconf 87' lang='lat' dir='ltr'><strong>st</strong></span> <span class='ocrx_word' id='word_1_255' title='bbox 608 2566 695 2628; x_wconf 79' lang='lat' dir='ltr'><strong>plocide</strong></span> <span class='ocrx_word' id='word_1_256' title='bbox 703 2566 800 2612; x_wconf 70' lang='lat' dir='ltr'><strong>sectivo·</strong></span> 
     </span>
     <span class='ocr_line' id='line_1_38' title="bbox 118 2630 801 2697; baseline -0.013 -13"><span class='ocrx_word' id='word_1_257' title='bbox 118 2636 154 2684; x_wconf 82' lang='lat' dir='ltr'><strong>ad</strong></span> <span class='ocrx_word' id='word_1_258' title='bbox 165 2635 283 2697; x_wconf 82' lang='lat' dir='ltr'><strong>querndom</strong></span> <span class='ocrx_word' id='word_1_259' title='bbox 293 2633 362 2680; x_wconf 82' lang='lat' dir='ltr'><strong>tinem</strong></span> <span class='ocrx_word' id='word_1_260' title='bbox 372 2632 442 2679; x_wconf 84' lang='lat' dir='ltr'><strong>colles</strong></span> <span class='ocrx_word' id='word_1_261' title='bbox 451 2646 509 2685; x_wconf 86' lang='lat' dir='ltr'><strong>csse,</strong></span> <span class='ocrx_word' id='word_1_262' title='bbox 525 2631 554 2677; x_wconf 88' lang='lat' dir='ltr'><strong>sd</strong></span> <span class='ocrx_word' id='word_1_263' title='bbox 565 2630 801 2695; x_wconf 70' lang='lat' dir='ltr'><strong>Septemuionunaoe</strong></span> 
     </span>
     <span class='ocr_line' id='line_1_39' title="bbox 118 2694 801 2807; baseline -0.012 -57"><span class='ocrx_word' id='word_1_264' title='bbox 118 2700 182 2749; x_wconf 79' lang='lat' dir='ltr'><strong>duos</strong></span> <span class='ocrx_word' id='word_1_265' title='bbox 199 2704 222 2749; x_wconf 88' lang='lat' dir='ltr'><strong>ct</strong></span> <span class='ocrx_word' id='word_1_266' title='bbox 237 2704 310 2747; x_wconf 79' lang='lat' dir='ltr'><strong>rectas</strong></span> <span class='ocrx_word' id='word_1_267' title='bbox 325 2711 395 2760; x_wconf 85' lang='lat' dir='ltr'><strong>prope</strong></span> <span class='ocrx_word' id='word_1_268' title='bbox 411 2702 592 2807; x_wconf 47' lang='lat' dir='ltr'><strong>rupemqstqpe,</strong></span> <span class='ocrx_word' id='word_1_269' title='bbox 612 2696 716 2744; x_wconf 69' lang='lat' dir='ltr'><strong>omnibus</strong></span> <span class='ocrx_word' id='word_1_270' title='bbox 729 2694 801 2741; x_wconf 67' lang='lat' dir='ltr'><strong>ioum</strong></span> 
     </span>
    </p>

    <p class='ocr_par' dir='ltr' id='par_1_4' title="bbox 523 2773 540 2806">
     <span class='ocr_line' id='line_1_40' title="bbox 523 2773 540 2806; baseline 0 0"><span class='ocrx_word' id='word_1_271' title='bbox 523 2773 540 2806; x_wconf 79' lang='lat' dir='ltr'>x</span> 
     </span>
    </p>
   </div>
   <div class='ocr_carea' id='block_1_3' title="bbox 0 0 938 2925">
    <p class='ocr_par' dir='ltr' id='par_1_5' title="bbox 0 0 938 2925">
     <span class='ocr_line' id='line_1_41' title="bbox 0 0 938 2925; baseline 0 0"><span class='ocrx_word' id='word_1_272' title='bbox 0 0 938 2925; x_wconf 95' lang='lat' dir='ltr'><strong> </strong></span> 
     </span>
    </p>
   </div>
  </div>
 </body>
</html>
