1867 2925
100 142 107 148 -
191 108 524 164 nntvuhsxxm
543 112 657 166 eman
727 113 758 166 '71

84 246 231 309 ignorabantz
251 244 292 293 sed
302 260 332 293 ne
341 244 395 309 ipsis
406 246 496 306 quidem
510 260 586 293 secum
597 247 756 310 cogitants'bus,

85 312 138 373 quid
151 313 242 365 vellent,
258 319 298 358 aut
308 311 362 372 quid
373 318 483 372 optarent,
496 312 549 358 satis
559 314 682 360 consum.
717 315 756 361 Au

84 377 185 424 homines
200 378 233 423 ita
243 377 348 426 incertos
363 377 497 423 introductis
511 377 593 439 legatis
609 385 707 438 potestas
723 380 758 425 di-

85 443 147 489 cendi
155 442 219 489 facta
235 448 277 489 est·
312 441 433 488 Romanus
448 442 544 502 primum
552 442 648 504 legatus,
660 442 690 489 1,
702 442 758 493 cal.

83 508 181 569 purnius,
201 507 284 554 deinde
294 506 365 552 Attali
382 507 442 567 regis
458 507 534 569 legati,
551 514 603 569 post
621 522 660 554 eos
671 506 757 556 Rhodii

84 571 250 620 disseruerunt:
271 570 368 633 Philippi
380 571 459 617 deinde
468 572 549 634 legatis
559 571 647 618 dicendi
657 580 757 637 potestas

83 636 139 684 sacta
155 646 206 685 est:
226 637 334 699 postremi
346 636 503 690 Athenienses,
524 644 550 683 ut
565 636 692 684 refellerent
702 637 758 685 Ma-

84 704 195 749 cedonum
206 702 274 754 diota,
295 702 364 747 auditi
382 708 442 747 sunt.
478 700 561 748 lisere
579 703 717 749 atrocissime
733 704 758 749 in

85 782 167 829 regern,
189 768 244 828 quia
259 766 315 811 nulli
334 781 376 812 nec
394 766 458 827 plura
477 781 519 812 neo
538 773 584 813 tam
603 768 682 814 acerbo
697 768 758 829 pasti

85 842 153 885 eram,
166 832 253 878 invecti
265 838 324 877 sunt.
359 830 393 877 Et
404 830 441 877 iila
451 832 540 891 quidem
551 833 630 877 concio
641 832 682 878 sub
692 846 759 879 occa-

85 912 133 943 sum
146 898 211 949 solis,
223 902 259 943 tot
269 896 394 958 legatortun
405 897 517 959 perpetuis
528 896 665 943 orationibus
674 896 711 942 die
721 898 760 944 sb·

86 970 166 1016 sumto,
179 961 274 1008 dimissa
284 967 325 1008 est.
758 964 763 979 ¹

116 1026 176 1073 XX.
198 1025 296 1073 Postero
316 1025 351 1072 die
367 1024 489 1071 advocatur
502 1026 638 1083 concilium
655 1025 692 1073 ubi
706 1041 760 1081 oum

83 1108 122 1154 per
140 1106 281 1155 praeconem,
299 1090 357 1136 sicut
376 1090 464 1137 Graecis
479 1105 529 1136 mos
545 1098 587 1144 eat,
603 1091 716 1147 suadendi,
740 1093 760 1139 si

30 1206 31 1209 ,
85 1158 132 1219 quis
143 1156 222 1209 vellet,
238 1162 338 1217 potestas
348 1170 362 1201 a
372 1155 537 1216 magistratibus
554 1154 613 1202 factu
631 1166 698 1212 esset,
716 1172 760 1205 noo

30 1242 32 1271 ς
85 1224 203 1283 quisquam
221 1220 336 1282 prodiret;
360 1219 398 1265 diu
415 1220 527 1265 silentium
543 1220 637 1266 aliorum
652 1221 707 1269 alios
723 1222 762 1267 in-

85 1288 197 1334 tuentium
208 1284 259 1331 fuit⁴
295 1284 377 1345 Neque
387 1284 477 1337 mirum,
490 1285 516 1338 si,
530 1285 610 1345 quibus
619 1282 659 1331 sud
670 1287 763 1348 sponte‚'

86 1351 239 1398 volutantibus
248 1364 284 1395 res
291 1350 349 1395 inter
360 1364 384 1395 se
392 1356 526 1411 pugnantes,
535 1350 695 1411 obtorpuerant
703 1366 761 1411 quo·

87 1416 207 1464 dammodo
219 1415 294 1468 animi,
308 1430 346 1462 eos
357 1414 468 1460 orationes
481 1430 570 1476 quoque
581 1414 672 1476 insuper
684 1416 761 1463 turba·

87 1489 171 1536 verant,
188 1481 304 1541 utrimque
318 1495 368 1541 quae
383 1479 479 1527 difficilia
491 1487 574 1535 essent,
586 1481 708 1540 promendo
720 1481 760 1529 ad-

88 1547 253 1607 monendoque,
263 1548 302 1607 per
310 1551 382 1591 totum
394 1545 452 1591 diem
463 1546 550 1592 habitae.
578 1543 681 1592 Tandem
693 1547 760 1594 Aris-

90 1618 168 1665 taenus,
180 1618 268 1674 praetor
283 1610 427 1663 Achaeorum,
447 1624 476 1656 ne
492 1611 584 1656 tacitum
595 1611 714 1658 concilium
726 1612 760 1658 di·

88 1678 194 1731 mitteret,
211 1682 228 1704 ‘⁴
241 1674 312 1728 Ubi,”
327 1675 406 1736 inquit,
422 1681 438 1704 ‘⁴
448 1675 487 1721 illa
497 1675 618 1722 certamina
625 1677 759 1731 animorum,

87 1741 174 1795 Achaei,
191 1748 253 1792 sunt,
270 1741 348 1801 quibus
364 1740 388 1785 in
403 1740 512 1786 conviviis
524 1748 547 1787 et
560 1741 655 1794 circulis,
667 1757 720 1788 cum
731 1740 761 1789 de

87 1806 192 1869 Philippo
204 1813 228 1852 et
236 1805 347 1852 Romanis
357 1805 442 1851 mentio
450 1805 533 1859 incidit,
545 1806 694 1853 vixmanibus
702 1814 762 1853 tem·

86 1870 217 1934 perabatis?
250 1868 320 1916 Nunc
330 1871 354 1915 in
366 1869 467 1923 concilio,
483 1870 512 1916 ad
526 1885 575 1916 eam
587 1885 635 1916 reru
647 1885 714 1918 unam
725 1871 762 1918 in·

87 1937 153 1992 dicto,
167 1951 221 1984 cum
232 1935 357 1997 legatorum
372 1933 484 1996 utrimque
496 1936 563 1982 verbs
576 1935 696 1991 audieritis,
708 1951 761 1984 oum

88 2002 184 2050 referant
192 2000 346 2064 magistratus,
359 2015 410 2046 cum
418 2015 494 2062 praeco
502 2000 530 2046 ad
539 2000 674 2047 suadendum
685 2009 760 2057 vocet,

86 2066 239 2115 obmutuistis.
270 2065 295 2112 si
305 2079 350 2111 non
359 2081 413 2112 cura
421 2066 547 2112 communis
558 2065 641 2120 salutis,
651 2081 681 2113 ne
688 2066 763 2114 studia

86 2133 184 2196 quidem,
197 2147 251 2193 quae
261 2131 285 2176 in
293 2131 351 2177 hanc
361 2137 400 2176 aut
407 2131 467 2178 illam
478 2137 565 2191 partem
576 2131 662 2177 animos
673 2138 762 2177 vestros

86 2196 231 2251 inclinirunt,
245 2211 323 2243 vocem
332 2196 435 2256 cuiquam
445 2202 541 2258 possunt
551 2195 692 2257 exprimere?
708 2209 762 2241 cum

86 2263 213 2325 praesertim
228 2276 296 2308 nemo
313 2267 360 2308 tam
377 2261 443 2307 hebes
460 2261 496 2314 sit,
512 2261 550 2321 qui
567 2260 672 2322 ignorare
682 2260 761 2320 possit,

87 2327 175 2376 dicendi
186 2343 213 2374 ac
222 2325 335 2380 suadendi,
349 2325 409 2385 quod
419 2325 513 2386 quisque
527 2332 566 2372 aut
579 2324 636 2370 velit
649 2330 688 2370 aut
703 2324 762 2385 opti·

86 2409 149 2441 mum
165 2399 237 2456 putet,
257 2406 316 2437 nunc
330 2391 469 2437 occasionem
482 2405 539 2444 esse,
556 2390 685 2450 priusquam
698 2388 768 2448 quida

85 2454 765 2589 nummu:

88 2583 451 2653 utffi[foedere]deiendendum.”
481 2583 543 2629 Haec
550 2581 765 2640 adhortanopraeto-

88 2656 116 2703 tis
124 2669 173 2704 non
184 2652 255 2702 modo
266 2655 400 2714 quemqusnt
409 2663 481 2698 unum
492 2645 568 2694 elicuit
579 2642 606 2690 od
615 2643 766 2697 suadendum

850 2729 891 2796 Δ
