1867 2925
191 163 224 209 '12
286 156 316 209 T·
330 154 390 205 LIV
392 154 418 211 11
436 152 489 201 Lu
503 150 617 199 xxxll.
636 150 758 202 Cunila

190 288 230 343 red
240 302 269 334 ne
276 286 390 333 fremitum
401 285 491 346 quidem
498 291 538 331 aut
547 298 649 330 murmur
658 282 774 333 concioni·
781 290 865 338 tanta

190 368 219 403 ex
230 360 264 399 tot
275 352 362 413 populis
373 357 525 411 congregntae,
538 349 616 395 movit.

223 416 296 463 XXI.
316 416 377 462 Turn
386 416 515 462 Aristaenue
524 421 608 475 praetor
615 428 705 459 rursus:
722 420 738 442 “
747 413 803 459 Non
812 428 863 461 mu-

190 484 226 545 gis
235 482 352 529 consilium
361 481 430 533 vobis,
440 479 550 540 principes
559 480 704 531 Acbaeorum,
712 478 782 531 deest,
793 492 861 539 qmm

190 548 280 609 lingue:
301 546 340 593 sed
351 562 391 591 suo
406 544 500 605 quisque
516 544 614 605 periculo
630 543 653 588 iu
669 558 789 589 commune
803 558 862 590 con-

191 613 275 659 sultum
286 626 333 657 non
343 610 399 656 vult.
434 608 539 654 Forsitan
551 623 594 674 ego
609 623 699 668 quoque
717 615 824 660 tacerem,
842 608 864 654 oi

189 678 289 741 privatus
300 690 385 721 ensem:
405 688 466 719 nunc
476 682 560 734 praetor
569 672 642 725 video,
655 680 750 718 autnon
761 673 863 719 dandum

190 741 309 789 concilium
320 740 400 801 legatis
415 738 490 790 fuisse,
510 745 549 785 aut
564 738 616 782 inde
632 738 680 783 sine
695 752 804 798 responso
821 752 864 784 eos

190 804 333 852 dimittendos
352 819 398 849 non
414 818 470 849 csse.
505 802 652 863 Respondete
669 802 814 854 nute1n,uiei
830 818 864 849 ex

189 878 266 917 vestro
278 869 373 921 decreto,
386 865 425 929 qui
435 868 545 929 possum?
577 866 611 913 Et
625 867 713 926 quando
729 880 797 912 nemo
808 882 865 914 ves-

190 936 258 989 trhm,
273 934 311 995 qui
327 935 351 979 in
368 934 410 978 boc
425 933 543 978 concilium
560 931 661 977 advocati
675 931 735 983 estis,
751 946 793 992 pro
808 946 865 978 sen.

189 998 260 1048 tentid
271 999 388 1060 quidquam
398 998 471 1043 dicere
482 998 539 1049 vult,
553 1004 591 1042 aut
603 995 686 1051 nudet3
703 996 816 1043 orationes
828 998 866 1043 le-

188 1072 301 1128 gatorum,
315 1064 419 1109 hestemo
433 1061 470 1107 die
483 1061 560 1113 dictae
578 1076 619 1121 pro
634 1061 750 1107 sententiis
766 1075 866 1122 percen-

189 1124 294 1184 sermon
311 1127 402 1189 perinde
412 1142 438 1173 ac
453 1141 499 1171 non
509 1126 676 1187 mandaverint,
693 1141 744 1185 quae
758 1141 772 1171 e
784 1141 810 1171 re
820 1126 867 1174 sud

188 1200 271 1245 esseut,
284 1192 323 1239 sed
335 1192 450 1244 suaserint,
463 1204 515 1251 quae
525 1190 588 1236 nobie
599 1197 716 1236 censerent
727 1190 789 1237 utilio
800 1206 862 1238 ωε.

189 1258 288 1305 Romani
300 1256 427 1316 Rhodiique
439 1263 461 1301 et
473 1255 565 1301 Attalus
581 1255 709 1301 societatem
727 1255 866 1302 amicitiem.

189 1340 233 1387 que
244 1330 342 1369 nostram
353 1328 432 1383 petunt
441 1338 448 1377 ;
466 1321 523 1365 etin
533 1320 598 1372 bello,
616 1319 675 1379 quod
686 1320 792 1365 adversus
803 1319 866 1367 Phi-

188 1390 273 1450 lippum
286 1394 374 1449 gerunt,
393 1400 417 1432 se
433 1401 447 1431 a
462 1384 526 1430 nobis
541 1385 639 1446 adjuvari
652 1399 741 1445 aequum
755 1393 872 1433 censene.

190 1454 306 1515 Philippus
323 1451 435 1500 socieutis
449 1466 526 1496 secum
542 1449 646 1497 admonet
663 1457 687 1496 et
698 1449 865 1512 junsjuraudi3

189 1527 213 1566 et
224 1519 291 1564 modo
301 1518 405 1580 postulat,
419 1523 444 1563 ut
455 1531 530 1562 secum
546 1523 630 1561 stemus
636 1531 644 1572 ;
661 1515 737 1569 modo,
749 1530 777 1561 ne
787 1516 865 1562 inter-

189 1585 259 1630 simus
272 1583 347 1635 armis,
363 1589 494 1630 contentum
509 1580 539 1626 ait
556 1595 581 1626 se
597 1595 654 1626 esse.
689 1579 782 1626 Nulliue
795 1582 866 1629 venit

188 1650 212 1700 in
223 1654 330 1701 mentem,
342 1661 389 1700 cur,
402 1647 439 1706 qui
451 1645 550 1691 nondum
562 1645 615 1691 socii
630 1651 689 1697 sunt,
708 1645 758 1706 plus
770 1652 863 1706 petent,

189 1727 256 1774 quam
268 1710 359 1758 socius?
392 1711 447 1757 Nou
457 1710 484 1756 fit
498 1711 540 1755 hoc
551 1725 624 1770 neque
634 1707 743 1756 modetia
751 1708 870 1772 Philippi,

188 1789 262 1838 neque
281 1773 418 1837 impudentid
432 1775 595 1821 Romanorum.
631 1771 723 1836 [Achaei
733 1774 826 1838 portus]
838 1785 867 1824 et

189 1843 242 1894 dunt
261 1842 363 1888 fiduciam
380 1841 549 1902 postulantibus,
567 1847 590 1885 et
607 1839 706 1885 demunt.
751 1838 864 1902 Philippi,

187 1915 271 1970 praeier
285 1908 390 1969 legatum,
409 1905 511 1951 videmus
526 1904 594 1950 nihil:
613 1904 718 1951 Romam
736 1904 815 1951 classis
831 1908 866 1952 ed

189 1972 317 2022 Cenchreas
329 1977 379 2024 stat,
391 1969 478 2016 urbium
487 1969 583 2016 Euboeae
594 1969 664 2031 spolia
674 1985 722 2031 prae
733 1969 863 2019 reference

187 2037 303 2085 consulem
320 2037 464 2097 legionesque
481 2035 536 2095 ejus,
554 2034 637 2095 exiguo
650 2035 717 2081 maris
730 2034 802 2095 spatio
814 2036 866 2082 dis·

183 2105 282 2168 junctas,
296 2100 417 2147 Phocidem
426 2115 451 2146 ae
459 2098 579 2144 Locridem
588 2106 735 2161 perungentes
746 2099 871 2150 videmus..

189 2167 313 2221 Miramini,
325 2181 365 2212 cur
373 2165 498 2211 diffidenter
506 2163 645 2212 Cleomedon
656 2164 743 2226 legatus
752 2163 870 2227 Phihppi,

188 2241 214 2282 ut
221 2248 262 2295 pro
269 2245 323 2293 rege
331 2246 392 2276 arma
403 2244 531 2292 caperemus
542 2229 648 2275 adversus
656 2227 780 2283 Romanos,
789 2231 865 2278 modo

187 2299 272 2362 egerit:
289 2296 333 2357 qui,
347 2296 365 2342 si
376 2310 405 2342 ex
416 2295 494 2341 eodem
505 2293 590 2340 foedere
600 2309 626 2340 ac
632 2294 784 2357 jurejurando,
793 2296 865 2358 cujus

188 2363 252 2410 nobis
264 2361 394 2422 religionem
402 2360 520 2422 injiciebat,
532 2373 639 2420 rogemus
649 2374 707 2411 eum,
717 2366 743 2404 ut
752 2373 793 2405 noe
802 2357 866 2406 Phi.

187 2429 261 2488 lippus
275 2434 298 2472 et
309 2427 336 2472 ab
349 2424 436 2472 Nabide
447 2439 473 2470 ac
487 2423 665 2471 Lacedaemoniis
675 2431 698 2470 et
708 2423 864 2474 chuononis

187 2491 298 2544 defendat,
308 2503 355 2536 non
365 2490 433 2535 modo
443 2489 580 2550 praesidium,
594 2505 638 2552 quo
649 2503 691 2535 noc
705 2496 802 2543 tuentur,
819 2491 867 2540 sed

187 2554 873 2681 hhhhhhhhhdbhl‘h‘h‘h’{11:13¹

188 2683 233 2746 qui,
250 2683 375 2744 poIHceudo
391 2699 415 2732 se
431 2684 538 2731 adversus
555 2635 666 2732 Nuidddr
681 2634 763 2732 bellum
779 2655 871 2748 gertus
