1867 2925
83 132 90 143 ”
157 142 204 188 154
251 137 281 186 Τ.
295 137 384 186 mvn
400 136 453 187 Lm.
467 134 591 187 XXXIV.
611 134 671 187 Ceu
688 130 726 186 15.

155 268 221 331 recipi
235 270 307 333 Jubet,
323 278 349 316 ut
365 269 470 316 berbsros
490 270 629 316 simulatione
644 268 707 331 iirgae
723 268 821 315 eliceret.

155 334 190 387 le.
207 336 268 395 quod
287 334 415 389 crediderst,
436 336 525 381 evcnit:
544 335 684 397 pertimuisse
703 340 726 379 et
744 334 826 391 cedere

154 400 196 445 reti
212 400 336 454 Romanos,
355 397 421 463 porti
438 407 573 461 crumpuut3
590 406 619 452 et,
638 402 747 459 quantum
765 398 826 445 inter

154 471 228 511 nstra
237 479 278 511 suu
285 473 310 511 ct
318 466 416 511 hostiurm
426 466 497 510 eciem
508 465 610 513 relictum
621 472 668 511 erat
680 464 731 516 loci,
750 476 826 509 ermu-
866 494 870 513 s

155 527 184 574 tis
194 530 315 591 complent.
345 529 409 575 Dum
417 530 528 593 trepident
536 530 583 576 scic
590 525 726 581 instruendi,
736 528 824 581 consul,

150 595 199 655 jem
206 596 289 656 peristis
296 594 447 655 ordinatisque
454 595 563 647 omnibus,
575 594 734 655 incompositos
743 608 827 654 aggre-

154 659 221 704 ditur.
256 659 351 720 Eqmtes
362 660 445 721 primos
455 661 483 706 sb
494 666 588 720 utroque
599 673 668 705 comu
684 658 708 703 in
723 672 824 719 pugnam

155 724 244 780 educit3
261 725 301 769 sed
318 725 342 769 in
361 724 440 771 dextro
457 725 571 786 externplo
589 724 654 785 pulsi,
677 722 826 782 cedentesque

155 788 242 849 trepidi,
259 789 325 834 etism
342 788 410 849 pediti
426 796 534 835 terrorem
554 785 655 837 intulere.
700 786 769 839 Quod
787 782 825 833 ubi

155 852 212 898 vidit
222 853 308 907 ccnnrl,
324 854 379 899 dues
389 855 493 900 cohortes
504 853 600 900 delectus
615 854 642 899 ab
659 852 738 899 dextro
754 851 827 898 latere

155 917 254 964 bostium
265 918 399 964 circumduci
405 920 478 980 jubet,
497 926 520 964 et
534 920 561 965 ab
577 926 643 979 tergo
657 932 682 963 se
698 916 823 968 ostendere,

155 982 283 1043 priusquam
294 990 453 1029 concurrerent
462 984 562 1043 peditum
574 984 638 1029 scies.
669 981 694 1027 Is
702 989 775 1027 terror
786 980 827 1027 ob-

151 1047 227 1108 jectus
240 1047 299 1093 hosti
312 1062 366 1100 rem,
381 1055 443 1093 mctn
454 1048 609 1094 Romanorum
620 1047 719 1113 equitum
730 1046 826 1091 incline-

155 1117 209 1163 tum,
228 1112 332 1170 aequevit.
367 1110 454 1158 Temen
474 1110 528 1159 adeo
545 1113 625 1158 turbeti
644 1116 707 1158 eraut
726 1110 826 1155 dexterae

155 1174 198 1220 ὼε
207 1176 294 1234 equites
304 1176 440 1237 peditesque,
452 1184 478 1223 ut
493 1176 599 1238 quosdam
611 1177 690 1223 consui
700 1190 769 1221 manu
777 1175 827 1237 ipse

78 1262 84 1278 ι
156 1240 328 1301 reprehenderit,
341 1249 365 1287 et
380 1242 485 1287 adversm
501 1242 524 1287 in
540 1242 627 1287 hostem
644 1240 744 1286 verterit
780 1237 825 1292 Ite,

154 1311 178 1349 et
189 1306 294 1366 quamdiu
311 1306 430 1352 missilibus
477 1312 571 1368 gustum
588 1312 629 1359 cst,
648 1320 730 1367 anceps
748 1318 827 1365 pugne

155 1377 218 1427 eret3
235 1377 259 1416 ct
272 1371 319 1434 jum
339 1373 367 1417 sb
382 1372 410 1417 de
476 1378 544 1432 perte,
566 1371 624 1417 unde
640 1378 712 1416 terror
731 1376 754 1415 et
769 1368 827 1431 fuge

154 1442 259 1496 crepent,
273 1450 334 1498 aegre
344 1434 462 1483 Romanus
471 1436 573 1483 restabat.
608 1434 646 1482 Ab
657 1435 746 1481 sinistro
755 1448 827 1480 cornu

155 1506 178 1545 et
189 1501 216 1546 eb
225 1499 300 1546 fronte
308 1503 444 1562 urgebuntur
452 1502 555 1558 burbun'3
571 1507 594 1546 et
605 1502 708 1546 cohortes
722 1501 749 1546 eb
760 1506 827 1560 tergo

153 1563 264 1610 instantes
274 1566 347 1626 pavidi
358 1567 509 1627 respiciebant.
545 1565 587 1619 Ut,
600 1565 687 1612 emissis
699 1563 827 1611 solliferreis

153 1627 298 1689 fumusque,
316 1630 404 1690 gladios
421 1632 565 1683 strinxerunt,
583 1637 631 1676 tum
651 1630 713 1676 velut
729 1629 828 1675 redinte-
868 1676 872 1680 ,

154 1699 220 1753 gesta
229 1700 264 1739 cst
274 1707 357 1755 pugne.
392 1693 448 1740 Non
462 1696 527 1741 csscis
544 1694 624 1740 ictibus
641 1695 719 1756 procul
736 1707 766 1740 ex
783 1695 827 1738 im-

154 1757 246 1817 proviso
255 1758 429 1805 vulnerabantur
436 1776 444 1816 3
462 1759 508 1814 sed,
520 1760 576 1821 pede
584 1760 672 1814 collato,
688 1759 769 1806 totuin
781 1759 827 1804 vir-

156 1829 207 1869 tute
217 1837 244 1868 sc
253 1823 337 1869 viribus
348 1839 399 1885 spes
409 1831 463 1870 eret.

189 1887 246 1932 XV.
266 1887 350 1934 Fessos
356 1886 405 1950 jsun
417 1897 469 1935 snos
478 1889 563 1942 consul,
574 1903 602 1934 ex
611 1887 708 1935 secundi
718 1888 766 1934 acic
774 1889 828 1935 sub·

156 1950 249 1997 sidiariis
272 1954 400 1999 cohortibus
420 1954 443 1999 in
462 1967 562 2016 pugnem
584 1953 687 2006 inductis,
715 1953 837 1999 accendit·
929 1981 930 1986 =

155 2013 224 2061 Nove
239 2017 298 2062 ecies
312 2017 386 2066 iectu:
412 2019 494 2080 integri
513 2019 637 2064 recentibus
652 2017 702 2063 telis
718 2017 826 2079 fatigatos

154 2079 226 2125 adorti
237 2081 312 2127 hostes
322 2084 418 2143 primum
429 2084 474 2128 ucri
490 2083 582 2144 impetu,
601 2084 663 2128 velut
680 2097 757 2134 cuneo,
773 2097 827 2144 per·

155 2143 271 2191 culerunt:
299 2147 379 2193 deinde
403 2148 520 2208 dissipatos
538 2148 562 2192 iu
580 2147 658 2208 iugum
677 2153 823 2193 averteruntz

154 2207 270 2271 effusoque
279 2226 320 2272 per
334 2227 401 2274 egros
411 2227 486 2265 cursu,
499 2220 570 2258 castra
581 2213 741 2274 repetebantur.
779 2211 827 2258 Ubi

155 2273 297 2336 omnisiugi
310 2278 421 2338 compieta
434 2277 490 2322 vidit
510 2275 575 2330 Cato,
596 2276 643 2338 ipse
660 2277 688 2322 ed
705 2275 826 2322 secundem

154 2339 274 2400 legionem,
286 2357 338 2401 quae
348 2342 371 2386 iu
383 2342 480 2388 subsidio
488 2342 560 2402 positu
567 2349 622 2393 eret,
632 2357 689 2402 equo
698 2341 824 2387 revehitur:

155 2412 179 2449 et
189 2405 255 2466 signs
270 2421 318 2467 prae
332 2421 357 2452 se
367 2406 427 2459 ferri,
445 2407 556 2467 plenoque
570 2405 640 2468 gradu
651 2407 679 2452 ed
691 2412 762 2452 cestre
773 2406 827 2451 hos·

154 2468 211 2513 tium
222 2471 372 2532 oppugnanda
383 2472 501 2517 succedere
508 2473 578 2533 jubet.
615 2471 639 2516 Si
650 2471 699 2531 quis
714 2477 779 2516 extra
790 2485 828 2516 or-

156 2531 230 2578 dinem
245 2537 332 2582 svidius
347 2537 464 2598 procurrit,
483 2543 506 2581 et
522 2537 570 2597 ipse
583 2536 743 2596 interequitans
760 2549 828 2596 spero

155 2599 259 2656 percutit,
276 2607 300 2646 et
313 2602 414 2648 tribunos
429 2601 614 2662 centurionesque
630 2601 739 2662 castigare
751 2601 825 2662 jubet,

156 2657 295 2712 iun-cmm
305 2667 404 2712 hostiurn
414 2667 615 2728 oppugnebsntur3
631 2666 741 2726 saxisque,
754 2671 779 2711 et
790 2677 839 2712 su·-
