1867 2925
217 155 673 212 mlvnhumncmse
731 169 783 214 228
858 234 862 241 ἡ

100 287 244 353 (plurimum
252 289 312 334 enirn
320 287 438 350 interesse)
449 305 545 350 uanum
561 307 606 354 qun
615 291 782 356 impedimento,

103 369 153 415 quo
163 353 275 405 sarcinas,
291 369 336 415 quo
346 355 432 401 turbam
444 356 552 403 inermem
566 357 680 419 rejiceret3
696 367 781 420 quanto

102 433 139 472 ea,
158 425 199 468 aut
211 417 278 478 quali,
294 418 398 479 praesidio
408 421 544 479 custodiretg
560 429 583 468 et
593 429 668 469 utrum
678 439 780 486 pergere,

105 481 151 544 qud
163 483 275 543 rooepisset
285 483 319 528 ire
328 481 371 536 vid,
389 498 417 530 an
432 499 488 538 earn,
506 483 781 549 ‹patremne-reperere

105 547 187 594 melius
208 554 285 604 esset3
306 548 385 593 castris
402 541 490 610 quoque
507 565 573 610 quem
591 551 666 597 locum
684 561 782 614 caperet,

101 617 217 672 qnantum
235 611 376 658 munimento
392 613 561 675 amplecteretur
576 614 626 668 loci,
643 613 687 676 qud
701 632 784 678 oppor-

100 684 161 723 tuna
177 675 279 736 aquatio,
304 673 348 737 qud
365 678 438 738 pabuli
455 677 613 740 lignorumque
627 681 691 742 copia
706 687 780 732 estete
858 686 861 690 '

82 774 86 777 .
103 739 262 803 quipoetero
277 740 313 786 die
330 749 402 788 castra
418 744 518 790 moventi
533 750 606 790 tutum
620 747 718 792 maxime
730 746 782 800 iter,

102 821 157 866 quae
174 804 253 851 forma
272 806 369 866 agminis
384 805 468 853 foret.”
502 807 549 854 His
560 810 624 856 nuris
639 811 781 873 cogitationi-

100 872 194 930 busque
213 870 245 915 ite
261 870 289 916 ab
305 870 395 918 inerrate
411 878 478 919 aetate
493 873 593 920 animum
608 875 738 936 agitaverat,
756 883 782 925 ut

105 934 201 981 nnllaei
213 949 275 980 nova
285 934 309 980 in
320 935 357 980 tali
368 951 392 982 re
402 937 510 999 cogitatio
519 944 585 984 esset.
620 937 653 986 Et
668 946 716 985 tum
731 954 781 985 orn·

105 1000 169 1045 nium
180 999 282 1060 primum
293 1014 375 1061 agmen
386 1003 516 1059 constituit3
524 1002 576 1049 dein
586 1001 707 1051 Cretenses
717 1005 782 1050 auxi·

104 1064 173 1110 liares
190 1070 223 1118 et,
246 1079 304 1124 quos
320 1063 455 1112 Tarentinos
474 1068 589 1121 vocabant,
607 1068 700 1130 equites,
716 1068 781 1116 binoa

105 1143 184 1177 secum
204 1129 320 1174 trelrentes
338 1144 416 1190 equos,
433 1131 461 1176 ad
479 1132 550 1193 prima
568 1133 634 1194 rigua
651 1133 724 1182 misit:
748 1141 778 1190 et,

100 1193 171 1256 jussis
179 1193 294 1254 equitibus
302 1193 411 1254 subsequi,
424 1211 490 1258 super
498 1204 627 1250 torrenten,
637 1197 698 1245 unde
705 1199 780 1259 marari

99 1265 206 1321 possent,
225 1273 304 1319 rupem
320 1259 454 1321 occupavit
478 1260 517 1307 Eo
533 1260 691 1322 impedimenta
706 1263 781 1324 omnia

104 1331 128 1370 et
138 1323 247 1370 calcum
259 1323 345 1372 turbam
360 1325 484 1386 conjectam
494 1324 584 1371 amada
594 1324 744 1378 circumdedit,
757 1333 781 1374 et

9 1399 10 1404 ’
100 1401 145 1450 pro
161 1383 245 1434 arturi
258 1387 301 1434 loci
317 1396 389 1436 castra
403 1389 561 1450 communivit:
581 1389 722 1436 tabernacula
735 1395 781 1436 m,

99 1462 171 1501 'tuere
193 1451 218 1498 in
241 1451 334 1515 aspretis
355 1460 378 1500 et
399 1452 524 1515 inaequabili
545 1453 593 1501 solo
614 1453 702 1501 difficile
722 1462 778 1502 erat.

106 1516 200 1565 Hostes
218 1518 354 1581 quingentos
370 1534 448 1580 passus
464 1521 567 1566 aberant:
586 1533 615 1566 ex
633 1518 711 1568 eodern
730 1519 780 1569 rivo

104 1584 221 1643 utrimque
236 1596 287 1627 curn
302 1582 405 1644 presidio
420 1584 476 1630 levis
490 1590 609 1631 nmaturae
623 1585 696 1645 aquati
711 1592 778 1643 sunt3

103 1654 136 1702 et,
143 1649 276 1710 priusquam
284 1647 397 1709 (qualiain
408 1649 536 1709 propinquis
544 1650 622 1696 eastris
633 1648 716 1709 solent)
725 1655 781 1697 con·

104 1713 233 1759 trahemur
243 1718 363 1765 certamen,
377 1726 422 1758 nox
433 1714 559 1760 intervenit.
594 1713 689 1761 Postero
697 1715 732 1763 die
739 1730 779 1776 ap-

105 1778 197 1839 parebat
207 1776 353 1838 pugnandum
364 1792 405 1838 pro
415 1779 557 1837 aquatorrlms
566 1779 624 1825 circa
631 1780 706 1827 rivum
713 1795 776 1827 ease:

102 1848 179 1895 ‘nome
198 1841 223 1887 in
239 1840 298 1887 valle
308 1856 322 1887 a
332 1849 453 1903 conspectu
464 1843 561 1889 hostium
571 1841 656 1897 aversi,
673 1851 779 1905 quantam

102 1904 273 1955 rnraltitudinem
284 1904 347 1951 locus
358 1906 459 1953 occulere
473 1914 567 1968 poterat,
585 1908 689 1962 condidit,
707 1916 779 1957 cena·

137 2032 241 2083 XXIX.
261 2030 325 2081 Luce
341 2032 397 2089 orti,
416 2034 559 2084 Cretensium
568 2036 781 2087 ierisarmatnraet

104 2099 224 2147 Tarentini
239 2100 324 2159 equites
339 2114 405 2162 super
415 2107 538 2148 torrentem
547 2102 651 2165 proelium
661 2104 780 2151 commite

102 2162 167 2213 'rant
202 2162 361 2211 Telemnastus
372 2162 487 2212 Cretensis
497 2168 637 2229 popularibus
651 2168 704 2221 artis,
716 2168 780 2227 equi·

104 2230 164 2277 tultus
176 2228 290 2289 Lycortas
301 2228 513 2292 Megalopolitanus,
527 2240 630 2292 praeerat.
658 2231 780 2281 Cretenses

105 2301 129 2341 et
147 2294 251 2341 nostium·
266 2293 389 2348 aurdliares,
407 2296 551 2356 equitumque
568 2298 627 2343 idem
643 2310 715 2358 genus
731 2294 778 2341 Ta-

104 2359 196 2412 rentini,
214 2357 318 2419 presidio
330 2360 470 2419 aquatoribus
477 2370 549 2407 erant.
583 2360 726 2421 Aliquamdin
737 2358 780 2407 du·

98 2423 166 2469 bium
183 2423 288 2484 proelium
304 2421 353 2477 init,
372 2431 397 2470 ut
413 2424 491 2471 ecdem
507 2440 536 2472 ex
550 2432 613 2488 parte
628 2422 721 2485 utrique
736 2424 778 2473 iro·

105 2488 193 2534 minum
204 2502 294 2548 genere,
312 2495 335 2533 et
345 2489 413 2567 armis
423 2490 518 2553 panius.
553 2488 693 2564 Procedente
707 2496 778 2567 qerta-

97 2680 263 2745 dmprtelio,
280 2680 547 2747 intueaminclimrent
562 2683 779 2748 honemqneadim
