1867 2925
162 108 196 152 54
264 102 294 151 T.
308 102 397 151 LIVII
413 102 467 151 Lu.
481 101 596 153 XXXII.
615 102 676 153 Car.
693 100 730 153 13.

161 232 312 287 convenisset,
339 233 449 295 frequenti
477 235 568 297 agmine
585 240 666 298 petunt
684 234 837 281 Tbessaliam.

158 298 269 353 Romani,
286 299 360 359 quoad
376 307 449 346 tutum
465 299 516 353 suit,
534 302 636 353 insecuti,
652 300 764 346 cedentes
781 315 840 361 spo-

162 363 285 424 liantesque
296 380 375 417 caesos,
385 373 457 411 castra
466 365 534 426 regia,
546 367 613 411 etlam
622 366 670 412 sine
681 364 838 411 defensoribus

162 428 246 475 difficili
256 429 324 482 aditu,
337 429 454 492 diripiunt:
473 437 541 491 atque
548 428 576 476 eis
585 438 653 476 nocte
663 430 686 475 in
698 430 743 475 suis
753 430 839 476 castus

163 501 301 540 manserunt.

197 557 271 604 XIII.
291 558 387 605 Postero
398 560 433 606 die
444 561 523 606 consul
533 576 573 622 per
583 561 642 622 ipsas
653 560 774 621 angustias,
788 556 838 619 qua

163 640 188 669 se
209 623 268 670 Inter
290 624 359 671 valles
381 623 464 671 flumen
487 626 592 677 insinuat,
613 626 701 671 hostem
724 624 835 683 sequitur.

163 688 216 735 Rex
234 689 307 763 primo
326 689 362 735 die
380 689 408 735 ad
426 688 508 737 Castra
525 690 606 751 Pyrrhi
623 690 738 751 pervenit:
760 688 835 743 locus,

162 768 229 813 quem
240 753 271 799 ata
282 761 370 807 vocant
389 755 463 799 estin
483 754 570 830 Triphy
570 753 600 800 lii
613 762 680 801 terrae
698 752 833 801 Melolidisz

162 817 214 863 1nde
224 824 314 879 postero
332 818 393 880 dle(
396 820 418 864 in
436 818 534 865 aster
544 834 647 881 agminss,
660 819 837 866 sedmmusnr·

162 880 241 943 gebat)
257 884 295 929 in
302 891 402 929 montem
384 821 514 945 (Irinngon
531 884 635 946 perrexit.
680 883 726 946 Ipsi
743 889 837 930 monta

162 947 227 1009 Epiri
239 956 298 1002 sunt,
310 948 419 1011 interjecti
431 948 574 995 Macedoniae
582 948 755 1009 Thessaliaque.
786 946 838 994 La·

162 1014 393 1074 tua,quodverg1tin
404 1012 552 1067 TbessaIIam,
565 1013 647 1060 Oriens
658 1022 755 1075 spectat:
774 1013 838 1075 Sep-

162 1079 253 1123 temtrio
264 1093 278 1123 s
289 1075 425 1124 Macedoniis
439 1079 549 1140 objicitur,
584 1077 668 1125 Vestiti
681 1078 838 1139 frequentibus

159 1142 225 1189 ‚silvis
236 1148 302 1188 sunt:
318 1144 375 1203 juga
386 1157 474 1188 summa
491 1158 582 1205 campos
600 1151 702 1204 patentes
721 1157 838 1203 aquasque

162 1221 271 1269 perennes
282 1207 370 1253 habent.
406 1206 448 1260 Ibi,
460 1208 555 1261 statiuis,
568 1222 615 1260 rex,
629 1223 669 1269 per
686 1209 770 1268 aliquot
785 1208 837 1255 dies

162 1272 248 1326 habitis,
261 1270 381 1319 fluctuatus
392 1272 467 1319 animo
478 1280 520 1326 est,
532 1280 607 1318 utrum
623 1273 726 1333 protInus
741 1273 764 1317 in
781 1288 838 1334 reg-

163 1352 217 1383 num
235 1352 259 1387 se
275 1338 390 1399 reciperet,
408 1352 436 1383 an
455 1338 536 1385 reverti
551 1339 575 1383 in
591 1336 730 1384 Thessaliam
746 1345 832 1398 posset.

159 1401 284 1449 ¹Inclinavit
295 1402 411 1455 sententia,
425 1403 525 1449 suumin
538 1401 677 1449 Thessaliam
697 1416 778 1465 agmen
793 1402 836 1448 de-

162 1469 266 1526 mittere;
281 1467 429 1528 Triccamque
444 1468 553 1530 proximis
567 1469 673 1515 hmitibus
688 1468 758 1529 petit:
781 1467 838 1514 inde

161 1533 239 1580 obvias
250 1533 315 1579 urbes
326 1533 405 1593 raptim
413 1534 547 1594 peragrarit.
583 1532 704 1585 Homines,
716 1533 754 1593 qui
769 1534 836 1593 sequi

161 1604 261 1660 possent,
280 1597 368 1643 sedibus
385 1599 486 1644 excibatz
505 1598 585 1660 oppida
595 1598 739 1644 incendebat:
758 1613 836 1645 rerum

160 1663 585 1790 lllll’llthllllllnl‘ll
600 1663 838 1788 lllultlllll

237 1761 243 1772 ·
577 1763 582 1774 ·
642 1759 649 1781 r

160 1791 273 1839 crudeIIus
289 1793 334 1854 pati
348 1800 447 1854 possent,
465 1793 543 1854 reliqui
559 1793 679 1854 quidquam
697 1793 747 1846 luit,
764 1809 835 1853 quam

161 1871 214 1917 quae
224 1858 252 1904 ab
263 1858 328 1903 ancile
340 1858 486 1919 patiebantur.
523 1857 583 1904 Haec
594 1858 661 1905 etism
673 1857 762 1904 facienti
778 1857 838 1904 Phi-

160 1923 222 1983 lippo
233 1924 312 1968 acerba
322 1929 401 1980 erant;
419 1923 458 1969 sed
468 1938 482 1968 e
492 1921 559 1975 terri,
571 1937 626 1969 mox
635 1921 712 1969 futuri
725 1923 834 1976 hostium,

159 2001 255 2048 corpora
266 1988 344 2034 saltem
352 1988 437 2050 eripere
444 1988 556 2034 socIorum
564 1988 660 2035 volebat
689 1987 725 2034 Ita
734 1996 839 2036 evastata

160 2058 216 2098 sunt
230 2053 317 2114 oppida,
334 2052 451 2106 Phacium,
468 2050 554 2106 Iresia,
572 2053 722 2113 Euhydrium,
735 2053 835 2107 Eretria,

161 2115 315 2178 Palaepharus.
350 2115 437 2164 Pheras
447 2133 500 2164 cum
510 2125 604 2179 peteret,
613 2119 725 2171 exclusus,
737 2117 791 2178 quia
798 2134 837 2165 res

159 2183 243 2243 egebat
253 2181 323 2237 mori,
342 2184 361 2228 si
376 2197 507 2244 expugnare
525 2183 601 2236 vellet,
619 2197 661 2230 nec
677 2191 766 2244 tempus
777 2191 835 2237 erat,

161 2247 246 2293 omisso
262 2247 358 2309 Incepto,
375 2249 398 2293 in
417 2248 575 2294 Macedoniam
591 2248 736 2294 transcendit.
771 2246 836 2294 Nam

161 2313 230 2358 etiam
239 2311 331 2359 AEtolos
345 2313 520 2374 appropinquare
537 2313 597 2359 farm
613 2321 673 2360 erat:
693 2313 738 2373 qui,
758 2313 837 2360 audito

161 2377 249 2438 proelio,
262 2377 322 2437 quod
332 2378 391 2423 circa
401 2393 491 2423 asnnem
500 2378 577 2424 Aoum
591 2377 675 2425 facturn
690 2385 745 2430 erat,
757 2379 837 2438 proxi·

162 2441 205 2486 mis
215 2441 277 2502 priua
288 2442 394 2488 evastatis
405 2442 463 2488 eirca
474 2443 593 2502 Sperchias
607 2451 630 2488 et
642 2443 738 2489 Macran
754 2444 836 2506 (quarn

161 2504 255 2564 uocant)
269 2505 365 2559 Comen,
378 2507 512 2568 transgressi
523 2506 575 2553 inde
586 2508 609 2553 in
619 2507 768 2561 Thessaliam,
784 2506 838 2569 Cy.

161 2569 235 2615 mines
245 2577 269 2615 et
279 2573 373 2633 Angeas
383 2572 456 2632 primo
467 2571 553 2633 impetu
565 2572 630 2633 potiti
647 2579 707 2618 sunt.
742 2572 767 2618 A
778 2571 838 2620 Me-

162 2633 252 2694 tropoli¹
261 2634 317 2682 dum
325 2643 415 2684 vastant
424 2651 499 2698 agros,
512 2651 624 2685 concursu
636 2637 799 2701 oppidanorum
809 2637 843 2686 ssi
