1867 2925
160 144 207 189 148
260 137 396 188 'rrum
408 136 461 187 Lm.
476 134 598 186 XXXIV·
619 134 680 185 Car.
697 138 728 189 'la

157 269 198 317 tati
208 268 234 315 in
242 268 414 331 magistratibus,
425 269 450 314 in
461 267 602 323 sacerdotiis3
617 266 679 313 liberi
691 264 760 311 nostri
768 278 836 326 pras-¹

157 334 226 381 textis
235 332 333 396 purpuria
342 335 403 395 togis
413 340 517 389 utentum
530 331 694 394 magistratibus
702 331 726 375 in
734 329 834 375 coloniis·

157 399 333 460 municipiisque,
345 400 382 444 iric
392 398 475 444 Romae
485 396 562 443 intimo
572 396 656 458 generi,
668 390 781 456 magistris
792 394 829 440 vi-

158 478 243 517 sorum,
255 469 441 525 togaeprtetextae
448 462 554 509 habendae
560 463 600 523 jus
607 461 773 521 permitternus3
785 472 828 505 neo

158 528 182 575 in
192 529 274 576 utrici
284 528 357 575 solum
367 528 462 574 habeant
472 532 559 573 tantum
569 525 664 586 insigne,
677 524 716 569 sed
726 524 794 569 etiarn
802 528 829 569 ut

158 608 211 641 curn
221 608 249 639 eo
264 599 390 639 crementur
403 592 500 637 mortui:
520 590 609 640 feminis
623 589 730 635 duntaxat
744 600 830 648 purpu-

157 672 192 704 rae
201 672 267 704 usura
277 656 451 704 interdicemus?
471 662 500 709 ct,
516 670 567 701 cum
582 654 621 699 tibi
636 652 684 699 viro
699 652 764 697 liceat
774 666 830 712 pur·

157 719 214 784 parri
223 722 248 768 in
258 729 321 768 vaste
331 718 429 783 straguli
439 722 480 775 uti,
498 717 692 766 matrem-familiae
702 724 763 762 tuam
775 730 830 777 pur·

157 800 253 848 pureum
269 786 387 833 amiculum
404 786 483 831 babere
497 798 543 829 non
558 782 633 829 sines?
653 788 676 829 et
690 795 760 842 equus
775 788 830 828 tuus

159 850 281 912 speciosius
291 850 397 897 instratus
407 850 457 903 erit,
475 864 541 910 quam
556 862 613 895 uxor
622 846 720 893 vestita?
748 845 794 891 Sed
804 846 829 891 in

157 913 262 977 purpuris.
282 930 333 976 quae
351 916 436 967 teritur,
457 914 585 966 absumitur,
606 912 710 974 injustum
728 909 827 970 quidem,

159 980 199 1027 ml
209 980 303 1040 aliquam
315 986 396 1031 tamen,
408 989 497 1025 causam
508 976 631 1023 tenacitatis
641 976 719 1022 rideo:
738 974 762 1019 in
772 988 829 1021 auro

121 1087 123 1092 .
159 1058 221 1097 vero,
243 1043 267 1089 in
288 1059 340 1105 quo,
362 1050 444 1105 praeter
465 1042 658 1102 maniis-pretium,
683 1039 738 1085 nihn
758 1039 830 1085 inter-

159 1108 258 1157 trimenti
275 1107 309 1161 fit,
328 1122 379 1167 quae
395 1108 521 1168 malignitas
537 1106 588 1151 esti
610 1104 736 1166 praesidium
751 1103 829 1165 potius

159 1172 185 1219 in
201 1187 229 1219 eo
241 1178 276 1218 est
286 1178 309 1219 et
319 1172 347 1219 ad
357 1173 455 1233 privatos
465 1178 489 1218 et
499 1172 527 1219 ad
536 1169 635 1231 publicos
646 1184 706 1221 usus,
719 1168 777 1214 sicut
789 1182 830 1213 ex-

159 1237 217 1299 perti
232 1237 293 1283 estis.
328 1236 421 1285 Nullum
438 1235 602 1281 aemulationem
617 1234 675 1281 inter
690 1248 715 1279 sc
729 1232 832 1293 singula·

160 1316 218 1356 rum,
236 1302 324 1362 quando
339 1302 399 1349 nulla
412 1301 509 1352 haberet,
526 1314 575 1346 esse
591 1298 667 1347 aiebat
702 1296 736 1345 At
753 1294 831 1359 (Her-

160 1366 211 1417 cule
218 1363 237 1426 ἔ)
249 1366 357 1412 universis
368 1366 431 1411 dolor
440 1372 463 1410 et
471 1364 594 1425 indignatio
602 1370 643 1416 est,
656 1376 707 1408 curn
717 1361 830 1409 sociorum

160 1428 238 1478 Latini
256 1431 352 1478 nominis
370 1429 475 1476 uxoribus
493 1429 570 1475 vident
591 1442 617 1474 ea
636 1440 741 1474 concessa
763 1440 831 1474 ornu-

111 1553 113 1557 Ι
160 1503 243 1548 menta,
258 1511 309 1556 quae
324 1495 364 1541 sibi
377 1495 465 1540 ademta
480 1494 538 1551 rint3
555 1508 605 1540 cum
621 1492 719 1554 insignes
730 1505 767 1538 aas
778 1507 831 1539 esse

159 1574 215 1608 auro
226 1567 249 1606 et
258 1557 369 1620 purpurri3
384 1574 436 1607 cunr
446 1559 495 1604 illas
502 1558 553 1604 vehi
561 1573 600 1618 per
608 1558 691 1609 urbem,
704 1571 728 1602 se
736 1555 830 1617 pedibus

159 1623 237 1683 sequi;
256 1630 369 1683 tamquam
385 1623 408 1671 in
424 1623 511 1670 illarum
528 1623 658 1675 civitatibus,
676 1621 761 1667 nonin
778 1619 828 1675 aui,

158 1686 276 1748 imperium
287 1695 324 1733 art
350 1686 456 1733 Virorum
467 1688 510 1734 lroc
521 1687 606 1734 animoa
615 1687 730 1733 vulnerare
737 1693 826 1748 posset:

159 1752 213 1811 quid
229 1751 407 1800 muliercularum
423 1753 526 1804 censetis,
544 1767 599 1812 quaa
614 1751 681 1796 etiarn
695 1765 763 1811 parva
777 1765 831 1796 mo-

158 1816 231 1870 vent?
247 1816 303 1862 Non
311 1816 460 1878 magistratus,
473 1831 514 1863 nec
523 1815 650 1868 sacerdotia,
662 1829 704 1861 nec
713 1815 827 1876 triumphi,

158 1895 201 1929 nec
211 1881 314 1943 insignis,
329 1895 371 1928 nee
382 1881 447 1933 dona,
462 1887 502 1928 aut
513 1880 582 1942 spolia
591 1880 675 1933 bellica,
691 1879 726 1925 his
738 1880 830 1928 contiu-

156 1943 486 2072 mummii
496 1944 829 2072 natantium

155 2073 217 2119 hunc
231 2075 339 2120 mundum
352 2074 482 2122 muliebrem
492 2072 630 2136 appellirunt
639 2025 734 2136 majrires
745 2045 828 2121 nostrii

155 2136 220 2192 Quid
229 2139 289 2184 alirrd
298 2140 321 2185 in
332 2139 401 2193 luctu,
413 2155 479 2200 quarn
488 2153 606 2201 purpuram
615 2145 681 2200 atque
689 2153 774 2192 aurum,
786 2139 829 2186 dc·

155 2202 260 2264 ponunt?
276 2204 336 2263 quid,
349 2219 400 2250 oum
411 2205 537 2258 eluxerunt,
552 2203 660 2256 sumunt?
676 2203 728 2264 quid
738 2205 761 2248 ia
772 2217 829 2264 gra·

154 2267 298 2314 tulstionibus
306 2269 549 2330 supplicationibusque,
562 2269 603 2315 nisi
612 2268 780 2315 excellentiores
788 2283 828 2314 or-

155 2338 228 2386 nutus,
244 2332 365 2394 adjiciunt?
393 2333 490 2387 Scilicet,
506 2334 525 2379 si
539 2333 612 2394 logan
624 2333 719 2394 Oppiam
730 2332 827 2394 abroga-

153 2395 238 2450 veritis,
252 2411 298 2442 non
308 2397 377 2446 vestri
387 2397 470 2444 arbitrii
481 2398 529 2450 erit,
546 2399 564 2443 si
575 2396 626 2458 quid
637 2399 684 2458 ejus
695 2403 771 2444 vetare
783 2411 827 2442 vo-

153 2458 246 2520 lueritis,
266 2461 326 2521 quod
341 2475 401 2508 nunc
416 2463 454 2508 lex
469 2461 543 2509 vetat!
565 2462 639 2507 minus
655 2451 712 2513 tillir,
731 2475 824 2516 uxores,

153 2537 242 2576 sorores
252 2526 319 2572 etiam
329 2525 465 2586 quibusdam,
477 2527 501 2572 in
511 2540 579 2572 manu
590 2524 667 2572 erunt!
688 2524 824 2586 Nunquam,

152 2586 220 2634 salvis
230 2589 283 2642 suis,
298 2591 388 2637 exuitur
401 2591 497 2636 servitus
511 2589 638 2647 muliebri„
655 2595 677 2636 ct
690 2590 744 2651 ipsae
755 2590 826 2636 bber-

153 2656 229 2709 utam,
240 2666 307 2727 quan
317 2653 607 2728 allamannitaatacit,
619 2655 763 2710 sacrantur·
791 2653 831 2714 ln
