1867 2925
387 124 453 168 48
587 119 650 172 T.
676 117 857 174 L1V11
888 117 999 169 Ln-
1024 116 1223 172 XXXI.
1255 114 1381 167 Car.
1405 120 1503 168 48..·

378 246 626 297 'Initiorum
643 245 836 303 Cereris,
868 256 921 298 ut
942 248 1077 297 sacris
1098 249 1344 301 interesset,
1361 245 1528 293 tenuit:
1563 260 1741 293 semm-

388 313 494 362 dum
519 312 656 360 Initia
680 321 726 361 et
759 315 854 376 ipse
882 315 928 360 in
952 315 1110 364 Asiam
1132 329 1183 360 se
1202 314 1380 375 recepit,
1403 310 1737 372 Agesimbroto

388 385 436 424 et
456 377 650 425 Rhodiis
682 380 866 425 domum
899 380 1110 426 remissis.
1179 379 1300 426 Haec
1330 375 1383 424 ea
1412 382 1566 422 aestate
1603 374 1737 421 tertii

388 443 587 504 marique
608 444 820 491 adversus
839 443 1095 506 Philippum
1126 445 1355 504 sociosque
1376 444 1471 504 ejus
1490 455 1517 485 a
1538 441 1739 487 consule

386 513 434 554 et
454 507 604 570 legato
622 509 856 562 Romania
883 509 1191 572 adjuvantibus
1214 525 1320 570 rege
1341 506 1497 554 Attalo
1524 511 1571 552 et
1592 504 1739 551 Rho-

387 571 484 626 diis,
509 580 651 635 gesta.
725 573 900 621 Consul
921 574 1047 627 alter,
1075 572 1130 621 C.
1154 574 1379 626 Aurelius,
1398 572 1454 617 ad
1468 569 1738 616 confectum

387 638 551 686 bellum
583 654 684 685 cum
708 639 754 684 in
776 640 1049 701 provinciam
1075 639 1286 691 venisset,
1324 637 1439 683 haud
1474 636 1588 681 clam
1617 636 1738 681 tulit

385 703 497 751 iram
525 703 740 749 adversus
773 711 1027 765 praetorem,
1060 704 1179 764 quod
1210 704 1391 749 absente
1420 717 1468 747 se
1495 715 1589 746 rem
1614 716 1738 761 ges·-

385 767 531 813 sisset.
603 766 753 813 Misso
777 769 916 829 igitur
946 784 1000 814 eo
1033 768 1079 813 in
1102 768 1345 820 Etruriam,
1378 766 1537 829 ipsein
1559 780 1737 825 agrurn

385 832 581 882 hostium
603 832 805 893 legiones
827 833 1030 890 induxit3
1063 833 1414 895 populandoque,
1439 846 1540 877 cum
1571 829 1739 891 praedii

385 897 553 957 majore
575 913 706 957 quam
729 895 886 959 gloria,
909 898 1074 944 bellum
1090 898 1264 959 gessit:
1306 896 1362 943 L.
1386 896 1562 947 Furius,
1588 895 1738 942 simul

383 961 505 1021 quod
534 962 580 1006 in
602 961 787 1008 Etruria
819 963 929 1007 nihil
962 970 1057 1008 erat
1090 963 1166 1015 rei,
1201 963 1320 1023 quod
1356 967 1548 1024 gereret,
1586 960 1737 1006 simul

386 1026 564 1073 Gallico
587 1027 811 1088 triumpho
848 1027 1101 1080 imminens,
1141 1043 1286 1087 quem,
1328 1028 1508 1073 absente
1538 1026 1741 1071 consule

381 1089 494 1136 irato
523 1097 658 1150 atque
686 1091 926 1145 invidente,
962 1091 1133 1137 facilius
1164 1093 1388 1154 impetrari
1419 1106 1550 1152 posse
1583 1096 1736 1144 ratus,

383 1153 583 1200 Romam
616 1155 842 1216 inopinato
876 1171 980 1201 cum
1021 1157 1229 1210 venisset,
1280 1163 1481 1203 senatum
1528 1155 1577 1199 in
1623 1155 1737 1201 aede

381 1216 590 1268 Bellonae
621 1220 800 1277 habuit3
847 1220 1148 1281 expositisque
1190 1222 1320 1268 rebus
1360 1220 1521 1283 gestis,.
1555 1226 1607 1267 ut
1641 1220 1735 1265 tri-

384 1284 616 1345 umphanti
651 1285 730 1330 sibi
762 1285 808 1329 in
839 1284 1009 1331 Urbem
1044 1286 1193 1332 invehi
1224 1286 1391 1340 liceret,
1425 1285 1549 1347 petit.

446 1347 692 1395 XLVIII.
731 1349 869 1410 Apud
890 1364 1102 1411 magnam
1127 1358 1297 1411 partem
1316 1350 1495 1405 senatus
1514 1356 1560 1395 et
1590 1364 1735 1411 mag-

381 1413 583 1459 nitudine
604 1429 749 1459 rerum
772 1420 1001 1476 gestarum
1024 1416 1209 1469 valebat,
1234 1422 1280 1462 et
1300 1414 1457 1479 gratia,
1517 1413 1734 1476 Major-es

381 1486 490 1526 natu
513 1480 734 1540 negabant
765 1479 1052 1540 triumphum,
1093 1487 1123 1509 “
1146 1488 1192 1526 et
1212 1482 1333 1540 quod
1353 1482 1497 1528 alieno
1518 1480 1731 1526 exercitu

381 1558 476 1590 rem
514 1543 741 1603 gessisset,
788 1550 834 1589 et
877 1544 997 1604 quod
1034 1545 1307 1606 provinciam
1341 1545 1591 1605 reliquisset
1623 1545 1731 1590 avi-

381 1607 518 1657 ditate
539 1606 733 1668 rapiendi
755 1623 834 1668 per
855 1610 1135 1655 occasionem
1157 1610 1397 1671 triumphi3
1425 1611 1469 1655 id
1486 1626 1593 1656 vero
1615 1625 1731 1656 eum

380 1671 505 1718 nullo
527 1672 731 1733 exemplo
751 1670 963 1718 fecisse.”
1030 1672 1303 1722 Consulares
1323 1676 1558 1737 praecipue,
1589 1683 1620 1704 “
1638 1690 1731 1722 ex-

380 1736 670 1798 spectandum
705 1735 844 1783 fuisse
873 1737 1157 1793 consulem,”
1192 1739 1424 1786 dicebant:
1467 1748 1498 1769 ‘⁶
1518 1741 1730 1802 potuisse

379 1801 514 1854 enim,
551 1802 708 1847 castris
739 1817 878 1862 prope
909 1803 1061 1849 urbem
1094 1804 1263 1865 positis,
1305 1804 1490 1851 tutanda
1523 1804 1722 1861 colonia,

374 1867 438 1927 ita
460 1873 510 1912 ut
531 1865 625 1912 acie
647 1880 738 1911 non
761 1866 1029 1920 decerneret,
1061 1868 1109 1913 in
1129 1868 1370 1916 adventum
1394 1872 1489 1932 ejus
1520 1885 1614 1916 rem
1638 1886 1727 1917 ex-

377 1931 577 1992 trahere:
626 1939 686 1984 et,
722 1931 843 1992 quod
872 1938 1042 1992 praetor
1077 1948 1169 1979 non
1200 1933 1394 1988 fecisset,
1438 1935 1611 1981 senatui
1649 1935 1727 1983 fa-

376 1994 582 2041 ciendum
623 2010 746 2042 esse:
803 1997 1032 2044 consulem
1068 2006 1402 2058 exspectarent:
1455 2001 1527 2046 ubi
1565 2015 1726 2048 coram

375 2060 672 2120 disceptantes
702 2060 929 2107 consulem
953 2068 998 2106 et
1018 2069 1255 2123 praetorem
1291 2064 1532 2118 audissent,
1567 2066 1727 2112 verius
1766 2086 1772 2092 ·

374 2125 431 2171 de
451 2121 586 2170 causa
613 2123 943 2171 existimaturos
972 2124 1122 2173 esse.”
1190 2127 1368 2190 Magna
1400 2142 1503 2190 pars
1538 2131 1730 2178 senatus

376 2188 480 2235 nihi]
508 2199 665 2247 prasii-1·
693 2207 761 2231 11⁴²:
795 2203 957 2247 grauius..
993 2203 1029 2235 ετΙ
1073 2207 1127 2235 m]
1159 2193 1205 2238 in
1238 2195 1501 2255 magistratu
1536 2195 1724 2255 suisque

372 2255 576 2315 auspiciis
617 2255 841 2311 gafal-iisset,
887 2255 1121 2299 ont-iffiuhufflt
1160 2265 1359 2318 spectare
1398 2266 1601 2306 senatum
1638 2261 1722 2307 de..

467 2335 492 2363 i.
568 2323 597 2381 *ἕ
625 2317 697 2363 Ex
729 2319 893 2363 duabus
925 2319 1121 2371 :stultitiliffi
1161 2337 1261 2382 quae
1291 2323 1415 2369 velut
1444 2325 1637 2370 claustra
1658 2327 1720 2372 ad

621 2395 641 2427 a
669 2383 867 2427 Gallim*
897 2387 1113 2427 tumultus
1134 2387 1350 2447 oppositae
1378 2386 1581 2441 fuissent,
1608 2405 1717 2438 cum

673 2455 717 2491 et
741 2447 917 2491 innenffl
941 2459 1073 2495 esset,
1093 2451 1470 2512 traiecturumque
1489 2453 1533 2498 id
1556 2454 1719 2501 incen-

621 2515 673 2556 ut
709 2523 767 2556 ex
797 2511 1125 2556 cnutiuemtjhus
1157 2516 1303 2569 tectis,
1339 2516 1385 2561 in
1407 2517 1590 2563 alteram
1615 2525 1713 2565 tam

829 2576 837 2584 “
868 2592 913 2620 m
945 2588 1077 2628 esset,
1109 2578 1215 2636 quid
1236 2581 1415 2626 tandem
1436 2583 1619 2642 praetori
1641 2583 1715 2629 fa-

900 2656 989 2692 flm,
1033 2642 1069 2684 si
1109 2641 1205 2690 sine
1242 2645 1427 2705 consule
1461 2647 1561 2708 geri
1597 2647 1713 2701 nihil
