1867 2925
156 132 189 187 ‘50
263 132 293 183 Τ.
308 130 397 183 LIVII
414 130 467 181 Ian
481 128 583 180 xm
602 128 718 181 enisu·

156 266 281 329 Cethegus,
293 265 332 326 qui
342 260 464 327 proconsul
475 262 611 326 ffiapaniam
626 262 746 317 obtinebat,
763 276 835 326 magu

156 348 212 379 num
239 331 337 378 bostium
362 330 486 377 exercitum
507 330 532 374 in
553 343 609 391 agro
629 328 741 375 Sebatum
761 326 833 375 ludit.

157 396 293 452 Quindecim
312 395 382 443 millis
401 394 557 457 Hispanorum
576 409 604 440 eo
623 394 704 454 proello
724 392 837 441 (licuntur

156 476 222 517 eata,
241 462 306 525 signa
321 460 424 509 militaria
438 468 504 521 capta
516 466 568 505 octo
578 467 602 505 et
613 459 762 521 septuaginta.
796 456 832 506 C.

157 528 264 577 Aurelius
280 527 366 579 consul,
389 540 440 572 cum
460 540 490 571 ex
509 521 624 587 provincii
639 522 739 571 &mun
759 524 835 570 aoni-

157 594 240 641 tiorum
257 590 324 641 causi
340 591 444 645 venisset,
463 604 510 637 non
525 589 555 643 iu
573 589 634 650 quod
649 590 729 635 animis
745 604 836 650 praece-

156 666 243 722 paranb
261 664 353 718 questus
369 662 410 709 est,
429 670 476 701 non
490 661 644 717 exspectatum
659 670 684 701 se
699 655 727 700 ab
743 660 833 709 aenabu

158 738 231 785 neque
247 722 383 785 disceptandi
399 736 452 767 eum
468 729 565 783 praetore
586 718 673 766 consuli
696 725 836 780 potestatem

155 788 253 847 factam
271 787 310 834 aad
328 793 344 817 ¹‘
355 787 388 834 ita
404 786 542 848 triumphum
557 782 660 832 decuisse
676 791 786 837 senatum,
804 792 834 831 ut

158 854 248 907 nullius,
273 853 316 899 nisi
340 854 395 915 ejus,
420 850 458 912 qui
480 851 656 912 triumphaturus
680 857 748 904 esset,
770 848 836 916 bauti

158 932 236 967 eorum
253 918 291 979 qui
307 918 365 965 bello
381 915 542 969 interfuissent,
560 916 628 963 verba
642 914 737 961 audiret.
775 914 835 963 Ma-

154 986 217 1048 jores
233 982 283 1030 ideo
299 983 429 1035 instituisse,
443 988 470 1027 ut
479 981 556 1043 legati,
568 980 651 1026 tribuni
661 979 764 1033 militum,
776 994 836 1025 oen-

158 1049 266 1101 tunones,
282 1048 364 1095 milites
374 1046 477 1107 denique,
494 1046 608 1107 triumpho
618 1045 738 1103 adessent3
755 1052 781 1091 ut
791 1060 836 1091 ve-

159 1115 213 1161 ritas
229 1126 304 1159 rerum
321 1119 436 1175 gestarum
453 1112 509 1175 ejus,
529 1110 565 1157 eui
581 1117 658 1157 tantus
673 1111 747 1156 bonos
764 1110 839 1156 habea

159 1186 228 1232 retur,
246 1177 333 1239 publice
351 1176 471 1224 videretur.
506 1174 610 1237 Ecquem
628 1190 658 1221 ex
676 1190 704 1221 eo
722 1175 834 1230 exercitu,

159 1374 207 1423 veri
218 1380 302 1437 praetor
312 1372 394 1419 vanive
404 1368 531 1417 relerretl’'
564 1366 671 1417 comitiis
681 1368 761 1416 deinde
771 1370 833 1416 diana

159 1440 243 1498 edixit3
256 1438 337 1500 quibus
345 1436 412 1485 creati
424 1442 477 1483 sunt
486 1434 591 1482 consules
601 1432 631 1482 1.
641 1432 761 1484 Cornelius
769 1433 837 1482 Ien-

158 1505 226 1558 tulus,
246 1502 274 1549 P.
290 1502 372 1549 Villius
387 1501 510 1564 Tappulus.
546 1499 661 1547 Praetores
674 1499 789 1548 iudefacti
801 1499 834 1548 L.

161 1567 270 1628 Quintius
285 1565 432 1620 Flamininus,
451 1565 481 1612 1.
495 1565 599 1612 Valesius
616 1564 718 1621 Flaccm,
736 1564 767 1612 L.
781 1565 838 1614 vu:

74 1633 78 1640 ’
159 1634 203 1682 lius
219 1631 343 1694 Tappulus,
362 1629 406 1680 Cn.
420 1630 513 1678 Baebius
527 1629 667 1694 Tamphilus.

193 1696 224 1745 1.
249 1698 350 1745 Annona
368 1711 456 1758 quoque
477 1712 505 1743 eo
523 1709 584 1742 anno
600 1696 691 1757 pervilis
706 1694 765 1743 tuit:
783 1695 836 1744 sm.-

160 1763 232 1812 mentl
248 1763 294 1809 vim
308 1775 415 1824 magnam
431 1758 551 1808 exstruet
566 1761 682 1809 advectam
699 1761 776 1809 aediles
792 1778 836 1810 cu·

160 1829 225 1876 nules'
237 1827 274 1874 M.
289 1825 397 1876 Claudius
413 1826 538 1874 Marcellus
553 1833 578 1874 et
594 1825 648 1874 Su.
661 1825 738 1874 AElius
753 1826 838 1877 Passa

159 1893 218 1940 binis
235 1892 286 1939 aeris
307 1893 331 1938 in
350 1891 437 1939 modios
456 1892 540 1955 populo
560 1891 697 1939 divisenmtt
724 1900 748 1940 et
767 1893 839 1942 ludos

160 1957 280 2005 Romanos
295 1971 380 2020 magno
396 1964 501 2024 apparatu
511 1956 626 2004 leserunt:
645 1957 706 2006 disan
716 1972 787 2004 unmn
798 1959 837 2005 in-

161 2020 305 2070 staurirunt:
329 2023 394 2085 signa
410 2037 473 2070 aenea
488 2023 587 2084 quinque
602 2037 632 2070 ax
651 2023 777 2070 multaticio
797 2039 837 2072 ar-

162 2093 233 2150 gento
249 2087 272 2133 in
289 2087 368 2134 aerario
384 2095 514 2150 posuerunt.
556 2086 642 2135 Plebeii
657 2088 704 2135 ludi
719 2089 748 2136 ab
764 2089 839 2137 aeulili·

161 2153 203 2200 bus
220 2151 249 2199 1.
263 2150 371 2199 Terentio
382 2149 511 2200 Massilioti
520 2159 544 2198 et
556 2150 600 2202 Cn.
612 2152 693 2201 Baebio
705 2152 838 2216 Tamphilo,'

161 2231 229 2280 quem
250 2224 371 2279 praetorem
392 2217 572 2281 desiganvemm,
591 2225 627 2265 ter
645 2218 689 2266 toti
709 2218 837 2266 instaurati.

161 2281 196 2330 Et
211 2281 258 2330 ludi
273 2281 378 2330 funebres
396 2297 424 2329 eo
440 2298 500 2330 anno
518 2299 559 2346 per
574 2284 718 2344 quatriduum
734 2285 758 2331 ln
777 2283 838 2339 toro,

161 2347 242 2394 mortis
258 2347 296 2395 M.
310 2347 395 2394 Valerii
410 2346 500 2394 Laevini
516 2347 591 2403 causi,
609 2364 623 2396 a
639 2348 668 2396 P.
687 2356 712 2396 et
728 2348 766 2396 M.
786 2349 841 2398 liliis

160 2412 210 2490 ejus
220 2411 287 2459 laeti:
304 2419 421 2490 elmunus
429 2413 586 2474 gladiatorium
593 2414 671 2462 datum
681 2415 710 2461 ab
720 2414 761 2462 iis:
777 2416 842 2478 paria

161 2476 546 2595 nnnsluubff'ntuss
562 2478 840 2608 ..bimi-'i

162 2605 251 2651 Acilius
267 2605 360 2654 Glabrio
377 2605 492 2654 suffectus.
534 2606 640 2657 comitiis
657 2610 735 2659 suites
748 2611 839 2659 euntlea

163 2669 231 2717 erasti
244 2679 297 2720 sunt
306 2670 366 2720 torus
376 2673 450 2730 unm,
461 2674 501 2736 qui
513 2673 589 2725 statim
604 2675 706 2740 occipere
717 2677 840 2740 megistus·
