1867 2925
189 176 222 223 ss
295 173 326 223 r.
339 172 428 238 mvn
444 174 498 223 nn
512 172 612 224 xxxi.
631 170 750 226 coss·

190 304 350 367 romanabus
365 306 468 360 usas,
488 306 663 353 immemor.
697 304 736 353 su
752 304 861 367 symon

189 370 269 417 stativa
287 371 361 432 posuit
376 386 446 433 prope
464 371 548 417 flumen
567 370 670 417 Beuum:
692 372 744 417 inde
757 370 860 418 lrumem

188 442 260 481 tatum
271 435 330 482 ciros
338 436 416 485 ,horrea
423 434 605 482 Dassaretiorum
615 436 722 482 mittebat.
742 434 861 497 Philippus

189 496 434 562 oonnemstaquiilem
446 500 522 557 onmia
534 501 600 553 eirca,
617 515 767 561 pavoremque
776 501 860 562 ingers-

189 572 244 615 tfflt'.
253 561 373 613 homiuum.
388 564 505 622 cernebat;
528 566 568 612 sed
585 580 667 626 parum,
682 580 772 626 gnarus,
790 576 860 624 quam

189 621 274 692 partim
291 630 383 691 petisset
402 630 487 683 consul,
504 630 563 676 alam
573 629 679 689 «equitum
695 630 723 675 ad
739 629 861 690 explosus

189 694 250 747 dum,
266 708 364 755 quonam
378 695 454 741 hostes
467 695 510 741 iter
519 694 672 747 intendissent,
690 694 756 740 misit.
792 691 860 739 Ideni

188 774 251 805 error
258 758 316 820 apud
327 758 441 805 consulem
452 766 506 804 erat.
525 758 629 805 Movisse
636 772 665 803 ex
673 757 770 803 lrtlernis
779 772 859 819 regem

189 824 278 876 uniebat,
296 838 361 883 qnam
374 824 488 885 regionem
498 823 591 883 petisset
600 822 719 882 ignorans:
738 821 758 868 is
768 836 862 883 quoque

190 888 327 949 spermatum
335 888 425 933 miserat
435 886 529 946 sqrrites.
555 885 602 931 Hae
610 884 661 931 duae
668 886 710 932 alre
720 900 750 931 ex
759 884 859 942 diverso,

189 966 244 1000 cum·
260 952 297 997 ffiu
314 948 404 998 incertis
420 950 535 996 itineribus
546 957 639 1011 -vagatae
657 965 698 1011 per
715 950 862 998 Dassaretios

189 1024 273 1069 essent,
290 1015 379 1061 undam
394 1014 417 1059 in
429 1028 498 1060 unum
509 1015 552 1061 iter
562 1023 722 1061 convenerunt.
756 1014 863 1063 Neutros

186 1078 272 1133 fefellit,
289 1087 315 1125 ut
324 1079 426 1126 fremitus
435 1078 514 1141 procul
523 1079 638 1125 hominum
649 1093 801 1140 equorumque
815 1094 860 1125 ex·

188 1144 276 1191 autlitus
297 1151 339 1197 est,
364 1144 447 1189 hostes.
462 1144 644 1205 appropinquare
686 1143 767 1205 Itaque
786 1145 859 1206 prius,

189 1223 256 1269 quam
270 1208 293 1253 iu
309 1214 452 1269 conspectum
463 1208 572 1260 venirent,
589 1223 659 1269 equos
672 1222 777 1269 armaque
786 1223 860 1270 expe-

190 1274 289 1321 dierant:
309 1288 350 1319 noo
361 1288 430 1326 mora,
442 1274 486 1318 ubi
495 1273 592 1334 primum
602 1274 690 1319 hostem
701 1270 784 1326 vidire,
801 1288 859 1319 cors-

189 1338 291 1385 eurrendi
301 1336 360 1385 facta
370 1346 411 1384 est.
431 1336 501 1383 Forte
510 1345 534 1384 et
544 1352 637 1383 numero
648 1345 672 1384 et
678 1338 769 1391 virtute,
779 1344 861 1399 utpote

188 1403 241 1451 leoti
255 1403 372 1464 utrimque,
390 1402 448 1449 haud
461 1402 564 1464 impares,
581 1402 651 1464 aequis
666 1402 750 1448 uiribus
763 1418 804 1465 per
817 1403 863 1449 ali·

189 1476 245 1530 sprot
254 1470 320 1515 horas
331 1465 466 1530 pugniruut.
500 1467 615 1529 Fatigatio
625 1469 724 1530 ipsorum
738 1480 860 1528 equorum·

190 1547 241 1594 quo,
253 1531 339 1580 incerti.
349 1530 448 1586 victorii,
460 1533 548 1578 diresurt
558 1533 669 1594 proelium.
704 1532 859 1579 Macedonum

189 1597 335 1662 quadraginta
349 1598 440 1658 equites,
458 1595 613 1643 Romanonrm
624 1597 721 1659 quinque
731 1604 755 1644 et
765 1597 861 1659 triginta

188 1661 323 1726 oeciderunt.
358 1661 440 1723 Neque
448 1677 476 1708 eo
487 1662 560 1724 magis
569 1662 677 1724 explorati
687 1662 816 1723 quidquam,
833 1662 859 1710 in

189 1723 234 1786 qui
247 1726 339 1788 regione
352 1733 423 1773 castra
433 1728 531 1773 hostium
542 1735 623 1780 essent,
641 1734 680 1772 aut
689 1727 721 1772 illi
731 1727 760 1772 ad
769 1740 858 1790 regern,

188 1795 229 1838 aut
238 1791 261 1836 bi
271 1791 300 1836 ad
310 1790 423 1837 consulem
435 1792 571 1838 retulerrmt:
590 1806 630 1852 per
640 1790 767 1852 nannugas
776 1790 859 1851 cogni-

188 1861 294 1909 ament,
312 1871 368 1915 quos
385 1856 466 1902 levitas
479 1855 628 1917 ingeniomm,
646 1856 674 1901 ad
690 1850 860 1918 cognossent&

188 1919 287 1974 hostium
298 1920 376 1972 rea-in
388 1919 665 1980 omnibusbellispraebet.
853 1939 855 1945 ¹

221 1981 346 2030 XXXIV.
366 1983 488 2044 Philippus,
505 1983 587 2044 aliquid
602 1990 625 2029 at
639 1983 667 2030 ad
679 1983 793 2030 oaritatem
804 1997 859 2031 suo·

188 2061 245 2102 suns,
263 2054 287 2094 st
301 2054 326 2092 ut
336 2049 444 2108 promtius
455 2063 538 2108 proso
551 2047 674 2108 periculum
685 2047 777 2105 adirent,
795 2054 859 2094 ratus

187 2110 339 2175 profecturum
354 2128 385 2164 se,
404 2113 422 2157 si
437 2112 543 2172 equitum,
561 2111 599 2171 qui
614 2112 738 2158 ceciderant
753 2112 776 2157 in
786 2126 860 2174 expe-

188 2177 280 2230 ditione,
298 2176 473 2236 sepeliendorum
484 2191 560 2222 euram
571 2177 690 2230 hahuaset,
701 2175 773 2222 afferri
783 2191 824 2222 eos
834 2177 860 2223 iu

188 2248 261 2290 rastra
274 2239 349 2303 J'ussit,
374 2248 400 2286 ut
420 2241 584 2301 conspiceretur
605 2241 633 2286 ab
651 2241 753 2287 omnibus
769 2240 858 2287 funeris

186 2308 269 2354 honos.
303 2303 367 2351 Nihil
384 2311 430 2351 tam
449 2305 559 2350 incertum
578 2319 620 2350 neo
638 2312 685 2351 tarn
702 2305 858 2352 inaestimabile

186 2378 229 2424 ast,
247 2384 313 2430 quam
324 2369 391 2414 animi
406 2368 561 2414 multitudinis.
597 2368 666 2422 Quod
680 2370 814 2431 promtiores
828 2370 858 2416 sul

186 2433 323 2482 subeundam
335 2447 424 2479 ornnem
435 2432 598 2479 dimioationem
609 2434 724 2480 videbatur
734 2433 855 2487 factunm,

187 2497 211 2543 id
220 2503 306 2542 metum
319 2497 476 2558 pigritiamque
489 2497 595 2543 incussit:
615 2513 674 2551 nam,
692 2499 729 2559 qui
740 2498 858 2544 hostian-

186 2560 293 2622 gittisque
307 2569 331 2606 et
345 2576 399 2606 rura¹
406 2560 489 2606 lanceis
499 2561 593 2608 vulnera
601 2561 660 2608 faeta
670 2563 784 2615 vidissent,
801 2577 856 2608 eum

184 2623 277 2670 Graeois
288 2622 414 2684 Illyriisque
430 2639 531 2686 pugnare
545 2628 634 2678 assueti,
651 2634 768 2688 postquam
778 2625 856 2687 gusto

186 2684 331 2748 Hispaniensi
346 2689 476 2736 detruncata
486 2703 581 2750 oorpora
591 2691 686 2738 brachiis
699 2690 799 2744 nands,
813 2699 858 2745 aut
