1867 2925
181 150 231 195 836
270 139 474 193 T.LIV11Lm.
487 139 628 190 xxxvu
647 139 707 192 Cur.
721 143 762 192 45.

182 271 258 338 prede
271 274 295 321 in
306 289 346 323 sue
357 273 511 331 revertemrit3
527 281 617 335 postero
628 273 665 322 (lie
675 274 802 336 spol'ullaut
811 287 855 322 cc·

166 355 170 366 '
182 355 259 386 sorum
270 355 369 402 corpora,
387 347 410 386 et
421 340 522 401 captivos
532 340 710 385 contrahebant.⁸
735 339 820 402 legati
829 341 857 385 ab

177 403 299 464 ‚Thysdri
317 413 340 452 et
357 421 369 451 a
386 403 508 466 Magnesii
523 405 551 450 od
571 403 680 466 Sipylum,
699 403 729 451 ed
745 404 856 452 dedendus

182 469 256 524 urbes,
271 477 388 518 venerunt
424 469 558 520 Antiochus,
575 485 627 514 cum
637 469 715 531 paucis
725 468 826 531 fugiens,
834 469 857 514 in

181 533 231 596 ipso
241 534 321 584 itinere
330 536 428 598 pluribus
439 534 629 596 congregantsssus
640 550 670 587 se
688 533 780 580 modici
790 549 857 581 mauu

183 607 318 650 armatorum
327 598 399 645 medii
408 598 480 646 fenne
487 606 555 645 nocte
564 599 644 646 Sardes
652 598 784 646 contendit:
797 599 855 652 inde

182 681 235 712 curn
246 665 350 717 audisset,
369 665 487 711 Seleucum
497 663 567 710 filium
578 671 602 709 et
612 664 721 724 quosdam
732 665 857 713 amicorum

182 730 307 791 Apameam
318 745 463 792 praegressos,
475 729 556 790 etipse
567 727 645 789 quarti
655 726 794 790 vigiliacum
802 743 858 774 con·

178 794 237 856 juge
251 809 277 840 ac
290 793 335 840 filia
347 795 403 858 petit
416 795 547 855 Apameam,
565 792 652 839 Zenoni
662 793 745 840 traditi
755 791 857 840 custodii

182 860 250 913 urbis,
262 859 360 906 'limone
372 859 451 920 Lydiae
462 859 598 921 praeposit03
609 859 689 918 quum
699 859 791 920 spretis,
803 872 856 904 cou-

183 939 251 972 sensu
273 925 439 987 oppidanorum,
464 932 488 970 et
507 923 603 969 militum
620 924 657 984 qui
673 923 697 968 in
713 923 769 969 arce
784 931 855 977 erant,

182 989 252 1052 legati
262 990 291 1035 ad
301 989 414 1036 consulem
426 989 488 1034 missi
499 995 559 1034 sunt.

179 1088 183 1097 .
217 1053 295 1100 XLV.
316 1055 362 1101 Sub
379 1055 437 1100 idem
452 1053 499 1100 fere
513 1061 602 1115 tempus
615 1061 638 1099 et
652 1054 680 1100 ab
693 1051 819 1107 Trallibus,
834 1059 858 1099 et

183 1117 327 1179 sMagnesii
337 1135 388 1178 quae
401 1135 466 1180 super
475 1118 619 1165 Mandrum
630 1127 671 1169 est,
683 1126 707 1164 et
718 1119 747 1164 eb
755 1117 857 1180 Epheso,

182 1182 251 1246 legati
263 1183 291 1230 ad
301 1183 412 1230 dedendas
420 1185 486 1230 urbes
494 1192 611 1230 venerunt.
636 1182 770 1243 Reliquerst
781 1181 860 1245 Ephe

184 1263 234 1294 sum
246 1247 404 1310 Polyxenidas,
422 1247 497 1295 auditi
507 1246 584 1310 pugni
590 1266 597 1305 ;
614 1256 644 1299 et,
662 1249 735 1294 classe
746 1247 860 1308 usquead

182 1309 266 1362 Patere
283 1313 362 1376 Lyciae
378 1317 502 1376 perv'ectus,
520 1321 582 1359 metu
597 1313 699 1359 stationis
715 1311 861 1359 Rhodiam

183 1380 274 1442 navium
290 1396 341 1440 quae
355 1382 383 1426 sd
401 1378 518 1441 Megisten
533 1385 587 1430 erat,
604 1379 726 1424 interram
741 1391 859 1439 egressus,

183 1459 235 1491 cum
246 1447 322 1509 paucis
332 1446 411 1492 itinere
424 1444 520 1507 pedestri
536 1443 624 1504 Syriam
638 1442 708 1506 petiit.
748 1443 815 1490 Asiae
830 1443 862 1490 ci-

181 1510 263 1558 vitates
277 1511 300 1555 in
314 1511 381 1558 iidem
392 1510 490 1556 consulis
500 1509 652 1569 ditionemque
665 1509 743 1570 populi
757 1506 863 1555 Romani

182 1590 232 1621 sese
246 1576 368 1623 tradebant
404 1575 509 1622 Sardibus
519 1575 567 1634 jam
581 1574 661 1620 consul
671 1582 732 1620 erat:
753 1588 782 1619 eo
792 1580 819 1620 et
831 1572 860 1620 P.

130 1666 132 1671 f
183 1638 259 1701 Scipio
274 1642 301 1686 ab
315 1638 387 1693 ΕΙεεό4
405 1655 456 1687 cum
471 1640 567 1701 primum
582 1640 628 1701 pati
642 1640 742 1685 laborem
757 1639 806 1685 viae
818 1654 862 1701 po-

182 1705 234 1758 tuit,
257 1706 326 1752 venit.
362 1705 408 1751 Sub
427 1706 486 1751 idem
505 1703 552 1751 iere
570 1711 659 1766 tempus
678 1704 817 1751 caduceator
835 1705 864 1750 ab

183 1769 298 1818 Antiocho
314 1786 353 1832 per
369 1769 395 1815 P.
415 1770 542 1831 Scipionem
559 1784 573 1814 a
588 1771 680 1817 consule
695 1770 769 1831 petiit,
789 1770 862 1831 impe-

173 1837 301 1897 travitque,
319 1845 344 1882 ut
360 1847 458 1881 oratores
476 1835 564 1881 mittere
579 1836 656 1881 liceret
674 1835 731 1896 regi
767 1833 863 1881 Paucos

182 1909 234 1963 post
245 1902 291 1949 dies
302 1900 393 1953 Zeuxis,
405 1901 442 1961 qui
453 1898 573 1962 praefectus
584 1900 666 1961 Lydiae
675 1900 757 1952 fuerat,
772 1908 798 1946 et
810 1900 862 1945 An-

183 1965 263 2027 tipater
279 1965 353 2013 fratris
371 1966 436 2019 filius,
456 1971 575 2011 venerunt.
611 1964 652 2018 Hi,
673 1966 735 2027 prius
752 1963 864 2011 Eumene

183 2038 303 2085 convento,
324 2047 390 2091 quem
406 2038 498 2092 propter
516 2036 593 2077 vetera
611 2030 734 2077 certamina
753 2044 861 2077 aversum

183 2094 281 2142 maxime
291 2110 304 2143 s
315 2112 369 2157 poce
380 2096 498 2143 credebant
508 2110 565 2147 esse,
580 2104 603 2142 et
613 2096 733 2157 placatiore
744 2110 773 2141 co
785 2102 810 2141 et
821 2092 863 2140 sui

182 2166 205 2206 et
220 2160 279 2222 regis
295 2175 334 2222 spe
348 2163 448 2213 invento,
464 2168 513 2207 tum
525 2158 553 2205 P.
565 2161 699 2223 Scipiones,
711 2166 736 2205 et
751 2176 794 2221 per
808 2174 861 2206 etim

182 2225 305 2277 consulem,
326 2226 440 2271 adierunt:
465 2225 602 2286 praebitoque
620 2226 647 2273 iis
665 2226 797 2287 petentibus
815 2224 862 2271 frc-

179 2290 259 2348 quenti
274 2289 367 2337 consilio
378 2289 405 2335 sd
417 2290 521 2335 mandato
531 2290 623 2343 edenda,
641 2297 656 2319 “
664 2289 790 2343 Nonium,
807 2289 860 2350 quid

182 2352 224 2412 ipsi
239 2354 345 2407 dicamus,
362 2352 493 2406 habcmus‚'’
509 2355 581 2414 inquit
595 2351 684 2407 Zeuxis,
702 2361 718 2383 “
727 2370 798 2414 quam
810 2361 860 2400 utu

181 2417 246 2466 vobis
264 2433 398 2478 quaeramus,
417 2414 523 2472 Romani,
542 2436 586 2480 quo
605 2420 691 2481 piaculo
710 2419 806 2480 expiare
824 2434 860 2465 er·

182 2483 335 2543 roremregis,
352 2498 429 2544 pacem
438 2484 572 2542 veniamque
581 2485 699 2546 impetrare
709 2498 723 2529 a
734 2484 861 2530 victon'lsus

178 2544 300 2599 possimus.
336 2547 441 2594 Maximo
453 2563 541 2610 semper
551 2550 625 2595 animo
636 2548 701 2595 victis
712 2548 807 2609 regibus
817 2563 860 2608 po-

156 2664 162 2677 ,
178 2604 283 2677 pullaque
300 2610 432 2671 ignovistis:
458 2622 543 2672 quanto
558 2614 582 2660 id
596 2614 679 2676 majore
693 2619 717 2657 et
734 2613 860 2673 placatiore

181 2680 256 2723 animo
271 2673 335 2721 decet
350 2692 392 2723 vos
406 2676 480 2724 iacere
494 2678 518 2725 iu
529 2679 571 2726 luc
581 2675 680 2731 victorii,
697 2689 751 2741 quas
762 2692 807 2724 vos
818 2678 860 2723 ‹lo-
