1867 2925
170 139 216 190 lta
264 137 293 187 Τ.
308 135 396 186 LIVII
413 135 466 184 Lus.
480 128 605 182 xxxlv.
625 130 685 182 Cas.
696 131 736 179 84.

167 271 243 317 Satius
254 270 325 316 multo
334 268 411 321 luisse,
423 281 470 313 non
477 266 563 311 moveri
570 263 653 310 bellum
660 262 837 314 adserentem,

167 349 233 395 quam
244 335 317 381 omitti
327 343 426 380 motum:
445 339 468 378 et
478 333 559 392 ipsun,
571 329 633 376 velut
643 324 786 388 comprobatis
795 328 839 372 do-

167 399 295 452 minatione,
309 398 429 445 firmiorem
440 395 547 447 futurum,
564 401 655 440 auctore
664 392 740 454 injusti
750 391 840 452 imperii

167 471 267 510 assumto
281 463 363 526 populo
376 461 496 517 Romano'3
513 468 536 505 et
546 458 649 519 exemplo
659 457 743 503 multos
752 457 777 502 ia
787 455 838 502 aliis

167 529 292 576 civitatibus
303 529 331 575 ad
341 526 489 573 insidiandum
499 523 593 570 libertati
604 523 686 568 cisium
698 535 791 567 suorum
802 521 838 566 in-

167 592 313 641 citaturum.”
345 591 419 653 Ipsius
428 589 567 651 imperatoris
577 588 665 634 animus
675 587 703 632 ad
713 601 792 647 pacem
802 586 838 631 in·
850 592 860 608 ·

167 659 269 705 clinatior
283 664 342 704 erat:
365 656 452 702 videbat
466 655 534 706 enim,
552 652 667 713 compulso
681 652 742 697 intra
753 649 840 696 moenia

166 724 238 774 hoste,
256 722 311 768 nihil
325 730 407 782 praeter
424 719 560 765 obsidionem
575 725 672 763 restare:
692 730 743 761 eam
760 721 838 762 autem

165 786 215 834 iore
225 787 364 833 diuturnam:
386 793 400 814 ‘⁴
410 783 465 830 Non
476 783 536 829 enim
548 782 666 842 Gytbium,
681 780 754 843 (quod
763 780 839 840 ipsum

166 859 242 897 tamen
253 851 364 903 traditum,
378 864 423 895 non
434 855 587 910 expugnatum
598 843 668 905 esset)
680 845 720 891 sed
729 843 840 890 Laceda-

166 931 264 971 monem,
276 915 432 962 validissimam
444 915 521 959 urbem
529 912 583 957 viris
589 911 708 970 murisque,
720 923 839 971 oppugna-

138 975 142 986 ⁴
166 989 236 1027 turos.
272 980 348 1027 Unam
360 993 422 1040 spem
432 977 508 1030 fuisse,
521 977 601 1036 siqua,
616 975 786 1021 admoventibus
797 988 839 1020 ex·

166 1046 268 1098 ercitum,
281 1045 388 1090 dissensio
394 1045 452 1090 inter
458 1044 518 1103 ipsos
525 1057 551 1087 ao
560 1040 639 1086 seditio
646 1039 737 1086 excitari
746 1047 838 1099 possus

166 1123 218 1154 curn
230 1110 294 1170 signa
303 1109 373 1170 portis
384 1123 452 1170 prope
462 1106 539 1153 inferri
549 1111 672 1157 cernerent,
688 1104 803 1150 neminem
811 1117 840 1150 se

166 1172 291 1220 mouisse.”
324 1173 456 1235 Adjiciebnt,
478 1178 493 1200 ‘⁴
504 1178 531 1216 et
544 1185 597 1216 oum
614 1169 729 1215 Antiocho
745 1167 838 1214 infidam

166 1253 251 1298 paoem,
272 1237 365 1284 Villium
384 1237 483 1298 legatum
501 1236 553 1282 inde
571 1235 700 1280 redeuntem
716 1233 836 1279 nuntiare:

165 1303 238 1349 multo
246 1303 372 1364 majoribus.
384 1317 451 1362 quarn
459 1308 518 1352 aute,
530 1299 670 1345 terrestribus
677 1297 840 1358 navalibusque

166 1367 236 1428 copiis
246 1369 269 1414 in
281 1367 396 1428 Europam
407 1381 457 1412 eum
469 1365 583 1410 transisse·
618 1364 641 1409 Si
656 1360 788 1424 occupisset
797 1363 841 1408 ob-

166 1431 222 1479 sidio
234 1431 403 1480 Lauedaemouis
415 1430 544 1483 exercitum,
560 1429 639 1489 quibus
654 1428 703 1475 aliia
717 1427 787 1489 copiis
797 1427 840 1474 ad-

165 1512 245 1544 versus
260 1512 339 1560 regem¹
351 1506 398 1543 tam
412 1496 510 1542 validum
524 1510 550 1542 ac
564 1500 679 1555 potentem
690 1493 772 1540 bellum
783 1508 840 1553 ges-

165 1568 229 1607 turos
237 1561 266 1607 i''
300 1561 360 1608 Haec
375 1562 488 1623 propalam
502 1558 601 1605 dioebat:
620 1558 658 1604 illa
670 1559 738 1604 tacita
747 1557 841 1604 suberat
871 1571 874 1575 ·

165 1639 225 1678 cura,
238 1641 267 1673 ne
278 1640 350 1672 novus
358 1626 438 1673 consul
446 1623 559 1671 Graeciam
566 1622 704 1684 provinciam
712 1621 838 1676 sortiretur,

165 1696 188 1734 et
199 1689 297 1736 inchoati
306 1691 358 1737 belli
368 1689 461 1737 victoria
471 1688 594 1734 suecessori
604 1687 711 1739 tradenda
721 1693 788 1733 esset.

162 1768 167 1781 ⁸
198 1752 321 1801 xxxlv.
339 1754 402 1803 Curn
417 1755 524 1800 adversus
538 1751 650 1798 tendendo
663 1753 720 1798 nibil
734 1760 840 1799 moveret

165 1818 246 1873 socios,
267 1820 391 1866 simulando
410 1834 435 1865 aa
450 1818 544 1863 transire
560 1817 583 1861 in
599 1832 677 1863 eorum
694 1817 839 1871 sententiam,

164 1896 244 1929 onures
254 1884 277 1929 in
289 1898 403 1930 assensum
415 1883 501 1929 consilii
511 1882 546 1928 sui
556 1882 661 1937 traduxit.
687 1889 705 1912 ⁴⁸
714 1880 781 1928 Bene
788 1899 843 1929 ver-

163 1946 223 1999 tat,’'
238 1948 323 2008 iuquit:
345 1948 456 2008 “quando
471 1948 503 1992 ita
516 1947 594 2008 placet,
611 1946 752 1993 obsideamus
765 1945 842 1998 Laee-

164 2009 298 2058 daemonern.
334 2012 394 2058 Illud
404 2012 472 2058 modo
487 2026 517 2057 ne
530 2011 592 2057 fallat
606 2019 721 2064 caeterum,
738 2027 792 2057 eum
803 2028 841 2059 res

164 2080 210 2119 tam
221 2074 288 2128 lenta,
302 2092 367 2136 quam
378 2077 420 2139 ipsi
431 2076 499 2130 scitis,
515 2076 653 2137 oppugnatio
663 2076 751 2122 urbium
763 2077 800 2129 sit,
817 2086 843 2124 et

164 2137 315 2186 obsidentibus
325 2141 386 2201 prius
398 2156 464 2202 saepe,
481 2156 547 2200 quam
560 2140 663 2193 obsessis,
679 2141 773 2187 taedium
784 2140 842 2189 aise-

163 2209 205 2255 rflis
217 2203 266 2265 jam
281 2219 341 2251 nunc
355 2206 399 2251 hoc
413 2205 444 2252 ita
453 2220 579 2267 proponere
593 2221 635 2251 vos
648 2205 728 2251 animis
738 2214 840 2267 oportet,

166 2266 326 2315 hibernandum
338 2269 396 2315 circa
407 2268 577 2317 Lacedaemonis
587 2269 672 2317 moenia
681 2285 739 2316 esse.
777 2269 843 2325 Quae

163 2344 227 2378 mora
238 2333 256 2379 si
271 2334 367 2381 laborem
381 2341 469 2379 tantum
484 2350 511 2379 ac
524 2335 648 2395 periodum
662 2335 760 2388 haberat,
778 2344 805 2383 ut
816 2346 842 2383 et

163 2394 244 2442 animis
259 2408 283 2445 et
296 2399 424 2460 corporibus
440 2398 468 2444 ad
484 2399 613 2445 sustinenda
627 2414 654 2446 ea
667 2400 739 2460 parati
749 2400 841 2455 esseda,

163 2458 264 2508 hortarer
279 2478 327 2509 vos.
363 2462 432 2508 Nune
444 2461 546 2524 impensi
556 2479 646 2524 quoque
656 2462 739 2525 magni
749 2472 806 2526 eget
815 2466 842 2511 in

164 2534 238 2578 ⁰1³0&
259 2526 282 2571 iu
298 2527 480 2580 machinationes.
500 2534 524 2579 et
539 2536 659 2581 tormenta,
679 2528 760 2587 quibus
775 2537 845 2578 muta

163 2583 219 2659 urbs
230 2591 379 2651 oppugnmda
393 2598 444 2647 ests
460 2592 484 2637 in
498 2601 636 2640 commeatus
650 2593 714 2639 vobis
728 2594 844 2655 nobisque

163 2660 187 2693 ns
198 2646 294 2699 hiemem
305 2654 461 2716 expediendos.
497 2654 585 2718 Itaque,
601 2672 630 2704 ue
639 2664 783 2720 surrepente
793 2667 845 2707 tre-
