1867 2925
170 142 206 191 04
274 138 408 190 'amn
423 138 478 189 In.
491 136 605 187 mn.
624 134 686 191 cur.
699 136 739 189 ar:

171 271 245 319 moliri
255 272 331 334 copis,
343 278 369 317 ur
377 270 526 319 misserat
533 271 561 317 sb
570 268 700 318 Insubribus
709 267 844 327 emmo.

171 344 203 390 et,
221 338 292 399 signis
309 336 408 389 sublstis,
425 343 466 382 aut
480 336 559 381 domos
575 336 679 389 redirent,
696 342 735 382 aut
751 335 779 383 ed
793 336 847 385 Ro-

95 404 100 412 “
170 414 250 448 mon
265 401 391 448 transirent.
426 399 460 446 Et
473 400 496 446 id
511 400 600 461 quidem
615 401 727 462 impetrari
742 400 843 461 nequiit:

132 467 136 480 '
170 466 195 513 in
204 466 229 511 id
238 466 290 513 data
299 466 355 513 fides
365 465 451 512 consuli
461 474 503 518 est,
522 472 547 512 ut
557 466 580 511 in
591 465 684 512 adeant
694 464 844 526 quiescerent,

169 538 215 584 arrt,
229 531 299 592 siqua
306 531 373 577 etiam
382 530 470 576 ooeasio
477 529 563 583 fuisset,
575 530 705 593 adjuvarent
713 529 841 577 Romanoa.

170 595 232 643 Haec
242 596 274 643 ita
284 595 415 642 convenisse
426 593 532 641 Insubres
542 595 687 657 ignorabant:
708 596 797 641 suberat
807 602 844 641 ts-

169 675 223 707 nren
234 661 337 722 quiedam
348 659 444 721 euspicio
454 660 542 713 animis,
559 660 632 707 lnbare
641 658 709 706 fidem
719 659 841 707 sociorum.

170 723 258 786 ltaque,
276 740 327 771 eum
341 726 365 769 in
379 724 449 771 soiern
460 724 596 778 eduxissent,
613 731 717 771 nentrum
730 724 757 770 iis
771 738 843 773 cornu

168 790 310 837 committere
325 789 381 842 ausi,
398 804 435 843 ne,
452 790 473 835 si
490 788 543 835 dolo
560 789 686 842 cessissent,
704 802 751 835 retu
769 796 843 839 toturn

170 855 310 907 inclinarent,
326 861 378 916 post
397 854 462 916 signa
480 854 504 899 in
524 854 625 901 subsidiis
643 869 683 901 cos
700 854 840 901 locaverunt.

171 917 261 967 Corrml
271 920 378 981 principio
387 934 472 981 pugnae
482 918 545 965 vovit
556 919 627 965 sedern
639 918 735 981 Sospitae
745 917 762 967 J
763 918 840 975 unoni,

168 984 188 1031 ai
202 1000 230 1032 eo
242 984 281 1031 dle
294 986 371 1031 hostes
385 982 429 1030 fusi
444 983 560 1045 fugatique
577 990 659 1031 essent.
693 984 717 1029 A
732 983 841 1033 miuobus

168 1047 253 1096 clarnos
261 1049 367 1102 sublatus,
377 1054 504 1110 compotem
514 1048 562 1095 voti
572 1048 686 1095 consulem
698 1064 722 1094 se
732 1046 840 1105 facturos,

168 1120 193 1160 et
209 1114 305 1175 impetur
322 1113 346 1159 in
359 1114 436 1159 bostes
450 1120 486 1159 est
499 1112 578 1159 luctus.
614 1111 669 1159 Non
685 1113 784 1159 tulerunt
799 1111 841 1159 In-

168 1178 247 1225 subres
256 1178 352 1240 primum
361 1192 502 1224 concursum.
529 1176 627 1231 Quidam
635 1184 658 1223 et
668 1192 682 1224 a
693 1176 839 1234 Cenomanis,

169 1249 234 1306 terga
248 1250 340 1305 repente
354 1244 377 1288 in
387 1243 437 1304 ipso
451 1243 572 1289 certamine
585 1243 705 1304 aggressis,
717 1243 840 1289 tuinulbrrn

168 1308 287 1371 meipitem
301 1308 408 1371 iniectum
422 1314 525 1353 suctores
539 1314 598 1360 sunt,
616 1320 719 1367 eaessqne
730 1307 753 1353 in
764 1307 840 1355 medlo

168 1373 267 1435 qrdnque
276 1380 300 1420 et
309 1373 403 1435 triginta
416 1371 485 1418 millis
499 1372 603 1424 hortium,
621 1372 719 1432 quinque
732 1372 803 1419 millia
816 1380 840 1419 et

168 1438 324 1502 septingentos
337 1438 403 1485 uiros
417 1444 510 1500 capion
526 1436 550 1482 in
566 1436 594 1484 iis
605 1434 764 1491 Hamilcarem,
784 1434 840 1485 Poe.

167 1517 248 1550 nonam
267 1505 431 1565 imperatorem,
452 1501 492 1562 qui
508 1502 560 1548 belli
578 1517 645 1548 osuss
662 1501 755 1558 luissetr
773 1503 840 1564 signa

59 1565 62 1571 ’
167 1567 270 1614 militaria
280 1574 370 1614 centum
380 1567 480 1628 triginta,
497 1573 520 1612 et
534 1571 639 1628 carpenta
652 1581 718 1626 supra
733 1567 837 1614 ducenta.

167 1631 261 1694 Oppida,
279 1647 331 1692 quse
340 1629 488 1678 delectionem
499 1637 575 1677 muta
583 1637 653 1685 erant,
671 1629 803 1678 dediderunt
814 1647 839 1680 se
921 1647 922 1652 ¹

166 1695 299 1808 Rollnllnlldl.
318 1760 435 1808 Mmucius
451 1761 530 1808 consul
546 1760 619 1824 primo
636 1759 712 1808 effusis
727 1761 840 1824 populati·
920 1757 921 1761 ¹

166 1826 246 1874 onibus
262 1835 420 1888 peragraverat
434 1825 491 1873 lines
506 1825 629 1872 Bolanum:
648 1825 734 1880 deinde,
752 1833 785 1881 ut,
803 1843 840 1874 re·
919 1817 920 1839 ¹

165 1891 225 1938 lictis
236 1889 373 1944 lnsrrbribrrs,
390 1891 419 1937 ad
433 1906 475 1938 sua
485 1891 567 1938 tuenda
581 1898 709 1952 receperunt
720 1905 775 1948 sese,
788 1905 839 1940 cas·
918 1885 919 1916 ³

165 1956 325 2009 trisseteuuit,
337 1956 386 2019 acie
395 1955 543 2002 dimicandum
552 1969 603 2002 cum
612 1957 676 2002 lroste
687 1963 755 2002 ratus.
785 1955 838 2006 Nec
917 1971 918 1996 r

167 2017 221 2069 Boii
234 2017 395 2068 detrectissent
408 2035 515 2083 pugnam,
533 2019 556 2066 ni
570 2019 630 2068 lama
643 2021 715 2067 victos
730 2018 839 2070 Insubres
916 2031 917 2075 i

168 2085 236 2132 nllnta
242 2085 330 2135 animos
339 2084 450 2148 fregisset.
486 2084 573 2146 Itaque,
590 2086 668 2132 relicto
679 2085 736 2133 duce
746 2087 839 2134 wirla-
915 2125 916 2155 ,

188 2163 226 2203 ue,
234 2150 333 2212 dissipati
347 2165 387 2212 per
400 2151 470 2204 rioos,
488 2165 529 2197 sun
539 2151 669 2212 utquisque
683 2149 837 2208 defenderent,

170 2215 279 2263 notionem
290 2215 382 2278 gerendi
395 2215 446 2262 belli
460 2216 520 2264 lrosti
534 2215 663 2263 mutlrunt:
682 2214 765 2263 omissis
776 2218 838 2265 enim

165 2295 194 2343 sp
210 2295 261 2342 sper
275 2295 342 2327 unam
359 2280 524 2328 dimicationem
540 2281 572 2328 rei
588 2281 740 2335 decernendae,
758 2295 838 2330 rursus
912 2323 913 2326 ,

164 2346 266 2408 populari
284 2361 358 2407 agros,
375 2352 399 2392 et
417 2360 482 2392 urere
500 2353 566 2398 tecta,
584 2347 690 2407 uicosque
706 2361 839 2409 expugnare

164 2410 241 2472 eoepit.
276 2408 321 2458 Pes
332 2410 422 2456 eosdem
432 2411 480 2458 dies
495 2409 627 2458 ClnsddIum
638 2411 768 2458 incensum:
783 2411 838 2462 inde

163 2473 332 2536 iplr'gustinos
344 2473 434 2530 Ilvates,
452 2476 491 2536 qui
502 2475 542 2523 soli
553 2490 600 2523 non
610 2477 722 2538 perclsus,
733 2477 840 2539 legiones
910 2475 911 2484 ¹

165 2537 246 2584 doerae.
282 2539 319 2587 Es
336 2553 426 2600 quoque
441 2555 506 2602 gens,
524 2548 550 2586 ut
569 2539 675 2588 Insubres
689 2541 737 2588 scie
751 2543 838 2596 victos,

166 2600 244 2655 Boios,
261 2604 293 2649 ita
302 2612 328 2661 ut
338 2612 425 2651 tentare
435 2620 497 2667 spem
509 2606 636 2653 mominis
646 2613 779 2660 metuerent,
792 2616 841 2654 ter-

165 2664 220 2713 riior
233 2667 328 2726 erudivit,
342 2669 366 2718 in
377 2669 483 2728 ditiones
495 2671 564 2722 uenit.
599 2670 683 2726 Literae
694 2670 813 2720 consulum
826 2687 840 2722 e
