1867 2925
205 148 336 199 mmm
353 150 406 198 nn.
420 150 544 200 xxxrv.
563 119 624 203 on:
638 158 663 202 n
722 154 770 201 14⁷

90 290 205 329 matronae
216 280 306 343 optimis
316 280 415 329 moiibus
427 283 531 338 sinerint,
550 284 609 345 quod
623 282 722 339 taudem,¹
738 296 768 330 na

92 347 203 411 abrogati
216 346 245 394 ed
259 347 401 393 effundantur
413 348 441 394 ad
450 350 568 403 iuxuriam,
583 350 705 413 perieulum
716 350 769 396 esti

54 449 60 464 .
91 410 157 459 Nam
174 414 251 459 siista
265 413 303 458 lex
317 413 368 459 ideo
385 414 429 459 lata
443 420 511 466 esset,
530 421 555 460 ut
569 414 642 461 finiret
656 412 768 461 libidinem

91 478 234 531 muliebrem,
257 478 380 523 verendum
397 477 463 531 foret,
487 492 516 524 ne
533 480 640 541 abrogata
656 478 767 525 inuitaret.

93 538 144 589 Cur
155 544 185 588 sit
195 549 272 587 autem
282 542 334 595 iata,
347 542 419 603 ipsura
431 540 559 607 [indicavit]
571 552 666 605 tempus.
702 543 771 591 Hun-

92 607 152 651 nibai
163 608 188 652 in
197 604 265 652 ltalia
275 615 330 660 erat,
342 608 415 653 victor
425 608 453 653 ud
464 606 567 655 Cannas:
579 610 627 671 jam
636 607 768 662 Tarentum,

89 671 137 731 jam
149 672 238 733 Arpos,
247 673 295 733 jam
307 667 408 733 Capuam
419 673 524 719 habebat:
544 674 571 719 ad
582 674 658 719 urbem
669 672 769 719 Romam

93 736 228 783 admoturus
236 738 359 781 exercitum
368 737 492 786 ridemtur:
508 737 633 785 defecerant
641 738 706 783 socii:
723 752 769 791 nou

94 802 178 847 mffites
188 802 213 845 in
225 802 411 864 supplementum,
428 815 474 847 non
489 802 561 849 socios
573 802 663 849 navales
673 802 771 849 edeles-

95 880 142 910 sem
160 866 277 919 mendam,
294 880 341 911 non
356 867 472 927 pecuniam
488 868 511 912 in
528 869 606 914 aerario
621 868 767 914 habebamus=

96 928 163 984 servi,
182 931 264 991 quibus
280 946 342 977 arma
357 932 469 985 darentur,
487 931 517 977 ita
534 939 559 977 ut
574 932 669 993 pretium
685 946 726 992 pro
742 932 772 977 iis

94 995 153 1039 beiio
164 994 266 1057 perfeeto
277 995 372 1041 dominis
380 996 509 1049 solveretur,
522 997 662 1043 emebantur:
678 996 701 1041 iu
710 1008 772 1041 eam-

96 1059 146 1105 dem
157 1058 219 1104 diem
230 1060 339 1119 pecuniae,
355 1059 498 1114 frumentum,
515 1068 538 1106 et
552 1069 640 1114 caetere.
657 1076 708 1121 quae
718 1060 769 1106 belii

95 1138 149 1169 usus
159 1124 311 1185 postulabant,
326 1125 444 1185 praebenda
457 1125 567 1186 publicani
583 1140 606 1172 se
620 1126 771 1171 conducturos

95 1188 191 1249 professi
208 1196 286 1234 erant:
308 1204 384 1234 servos
399 1190 427 1235 ad
439 1204 532 1244 remum,
550 1204 643 1237 numero
657 1204 686 1237 ex
701 1204 771 1236 censu

95 1254 230 1305 constituto,
247 1268 298 1298 cum
312 1254 421 1315 stipendio
432 1262 509 1300 nostro
521 1254 638 1301 dabamus:
657 1270 736 1309 aunum
747 1262 771 1301 et

95 1325 217 1379 argeutum
229 1332 303 1370 omne,
315 1319 343 1363 ab
354 1319 491 1364 senatoribus
501 1320 549 1381 ejus
560 1319 592 1364 rei
602 1316 665 1364 initio
677 1326 734 1371 orto,
745 1319 771 1363 in

94 1384 210 1443 pubiicum
229 1382 411 1428 conferebamus:
435 1383 510 1429 riduae
529 1390 551 1429 et
571 1382 647 1445 pupilli
665 1382 771 1444 pecunias

96 1463 147 1494 suas
157 1448 183 1493 in
195 1448 299 1493 aerarium
310 1446 449 1494 deferebant:
467 1455 556 1495 cautum
565 1455 619 1501 erat,
632 1463 676 1508 quo
685 1463 713 1494 ne
720 1447 772 1508 plus

97 1514 143 1558 auri
160 1519 185 1558 et
200 1513 288 1572 argenti
301 1511 362 1565 iacti,
379 1527 424 1574 quo
438 1523 468 1558 ne
482 1514 532 1576 pius
547 1513 630 1575 signati
644 1513 731 1575 argenti
746 1519 772 1559 et-

97 1578 154 1630 aeris,
171 1577 234 1624 domi
249 1578 385 1623 haberemus
419 1576 472 1623 Tali
488 1585 588 1640 tempore
603 1579 627 1623 in
642 1575 730 1640 luxurii
746 1585 770 1624 et

97 1649 178 1688 ornatu
189 1648 300 1687 matronae
311 1648 425 1702 oeeupatae
435 1649 506 1696 erant,
523 1651 548 1688 ut
562 1643 590 1689 ad
604 1658 653 1690 eam
664 1643 773 1690 oo'e'rcen-

96 1706 148 1752 dam
157 1709 198 1753 lex
209 1705 283 1767 Oppia
293 1707 416 1753 desiderata
426 1707 473 1752 sit?
492 1723 550 1761 oum,
567 1708 618 1768 quia
633 1707 722 1756 Cereris
733 1723 770 1754 sa-

96 1771 213 1824 crificium,
232 1772 359 1832 lugentrbus
371 1772 474 1818 omnibus
486 1773 600 1826 matronis,
618 1773 774 1818 intermissum·

97 1846 151 1889 erat,
165 1843 257 1882 senatus
267 1835 326 1882 finiri
336 1837 420 1882 luctum
431 1837 523 1898 triginta
534 1838 609 1884 diebus
615 1838 691 1898 jussit
726 1835 771 1883 Cui

97 1914 145 1947 non
160 1907 260 1962 afferet,
280 1902 377 1962 inopiam
395 1909 418 1948 et
433 1903 544 1948 miseriam
561 1903 662 1955 civitatis,
681 1899 772 1960 etquis

98 1966 201 2012 omnium
212 1967 349 2026 privatorum
359 1965 461 2027 peoumae
474 1967 498 2011 in
513 1980 578 2012 usum
592 1967 704 2028 pubiicum
719 1981 776 2011 vera

98 2031 174 2077 tendae
186 2037 256 2084 erant,
274 2033 339 2077 istam
353 2031 428 2092 legem
444 2032 563 2094 scripsisse,
582 2031 666 2077 tamdiu
680 2045 773 2077 mansu-

99 2109 155 2149 ram,
167 2095 274 2155 quamdiu
285 2110 351 2142 causa
362 2096 482 2142 scribendae
492 2097 549 2158 legis
560 2093 693 2142 mansisset?
709 2095 773 2140 Nam

100 2161 126 2213 si,
142 2175 194 2220 quae
204 2167 259 2205 tunc
270 2161 376 2222 temporis
386 2158 453 2207 causi
463 2166 501 2206 aut
512 2161 609 2208 decrevit
620 2167 717 2213 senatus,
734 2165 774 2204 aut

100 2225 196 2286 populus
205 2226 281 2287 Jussit,
297 2227 321 2270 in
331 2232 463 2286 perpetuum
475 2226 557 2272 servari
571 2233 665 2288 oportet,
682 2239 723 2269 our
733 2237 775 2283 pe·

102 2290 179 2335 eunias
189 2290 301 2335 reddimus
311 2290 421 2352 privatis?
440 2305 480 2335 our
494 2291 580 2352 publica
589 2289 694 2352 praesenti
704 2299 774 2347 pecu-

102 2351 140 2399 nid
148 2354 268 2400 locamus?
286 2369 327 2400 eur
338 2354 403 2407 servi,
420 2355 457 2415 qui
472 2355 574 2407 militent,
590 2369 636 2398 non
651 2350 775 2397 emuntur?

103 2433 144 2464 cnr
152 2419 233 2480 primti
244 2433 290 2464 non
301 2419 380 2465 damus
391 2420 494 2481 remiges,
507 2419 564 2464 sieut
575 2425 628 2463 tunc
639 2413 756 2459 dedimus?

135 2482 196 2528 VII.
217 2490 233 2512 ‘⁴
241 2483 328 2530 Omnes
339 2484 376 2529 alii
387 2484 481 2538 ordines,
498 2497 576 2528 omnes
588 2481 690 2527 homines
700 2486 775 2525 muta-

104 2548 189 2594 tionem
204 2548 229 2592 in
244 2547 358 2594 meliorem
375 2555 458 2595 statum
475 2547 600 2608 reipublicae
616 2543 727 2600 sentient;
747 2545 775 2588 ad

105 2614 213 2675 conjuges
221 2616 405 2659 tantumnostraa
411 2613 473 2674 pacis
481 2607 778 2669 sttmnquillitatispublicss

106 2676 192 2725 tructus
201 2691 249 2725 non
259 2677 392 2741 perveniet?
408 2673 512 2737 Purpurd
523 2674 564 2720 riri
574 2679 669 2725 utemur,
681 2677 780 2732 praetex-

807 2853 814 2899 i
