1867 2925
9 2774 137 2908 3

162 144 203 191 9⁰·
259 136 289 186 Τ.
303 134 393 185 LIVII
408 133 463 185 Isis.
477 132 596 185 XXXIL'
611 131 671 184 car.
686 134 739 181 38⁴*

161 268 217 317 seris
232 265 403 329 baudquiquam
418 268 532 330 placebat:
551 280 593 313 nec
607 265 668 313 enim
682 263 748 317 aliud
765 276 842 325 qum·

162 349 249 381 moram
271 340 294 379 et
312 333 440 379 dilationem
458 332 487 379 ad
508 331 644 394 colligendas
666 329 732 383 viras,
752 331 843 390 quasin

162 398 278 453 Quintius,
298 406 403 445 “verum
419 399 443 444 id
458 398 558 444 futurum
576 393 671 449 fuisse‚''
688 394 767 448 dicere
787 394 841 445 “si

162 471 230 518 astas
249 471 272 510 et
293 470 382 525 tenpus
403 478 477 509 rerum
496 462 644 525 gerendarum
665 468 737 506 esset:
763 474 842 515 numa,

161 529 237 577 bieme
254 530 359 581 instante,
376 528 431 574 nibil
449 528 528 580 amitti,
546 528 598 573 dato
614 526 685 587 spatio
702 524 730 571 sd
745 525 835 586 legatos

161 594 296 641 mittendos:
316 608 368 639 nam
383 608 455 653 nsque
466 593 515 639 sine
525 591 656 639 auctoritate
667 589 757 636 senatds
768 590 842 649 quid--

162 673 230 719 quam
244 674 322 705 eorum
337 664 410 704 ratum
419 656 477 711 fore,
494 672 607 717 quaecum
619 671 672 717 rege
682 654 725 715 ipsi
735 654 842 717 pepigis-

162 731 227 770 sent:
246 729 269 769 et
285 722 395 783 explorari
411 722 476 785 (dum
494 723 552 768 bello
565 720 717 771 'necessarimn
734 720 844 779 quietem·

161 787 210 849 ipsa
227 788 298 833 hiems
312 785 385 846 dmet)
401 787 491 835 senstds
508 788 662 833 auctoritatem
677 783 769 847 posse.”
803 784 836 831 In

162 853 221 899 banc
233 852 366 898 sententiam
376 859 400 898 et
410 853 487 902 caetari
498 852 608 897 sociorum
619 850 730 912 principes
739 864 842 899 maces--

163 925 254 963 serunt:
273 917 411 977 induciisque
429 917 486 963 datis
501 916 525 961 in
544 916 600 961 duos
616 930 712 967 mensos,
730 922 754 960 et
772 915 843 977 ipsus·

162 981 252 1029 mittere
266 982 367 1043 singulos
380 982 468 1043 legatos
482 980 510 1027 ad
524 980 659 1027 docendum
676 987 786 1033 senatum,
804 996 843 1029 ne¹

162 1046 241 1094 fraude
252 1047 311 1107 regis
322 1055 443 1107 caperetur,
452 1046 542 1107 placuit.
577 1042 685 1091 Additum
695 1044 836 1093 induciarum

162 1119 236 1173 pacto,
249 1118 275 1156 ut
285 1110 347 1171 regia
356 1111 459 1171 praesidia
469 1110 568 1157 Phocide
579 1125 604 1156 ac
613 1108 709 1155 Locride
719 1111 837 1172 extempb

163 1176 331 1222 deducerentur.
350 1176 383 1221 Et
391 1175 439 1237 ipse
450 1174 557 1229 Quintius
568 1190 620 1221 cum
631 1174 742 1221 sociorum
752 1174 843 1237 legatis*
922 1227 926 1239 h

163 1239 336 1301 Amynandrum
351 1241 504 1287 Athamanum
519 1255 602 1301 regem,
621 1247 646 1285 ut
661 1238 756 1299 speciem
770 1240 842 1303 legra,
875 1264 880 1271 -
923 1244 926 1255 '¹

163 1305 219 1352 tioni
234 1305 353 1367 adjiceret;
379 1304 412 1357 Q·
425 1304 519 1351 Fabium
537 1304 624 1367 (uxoris
643 1303 731 1357 Quintii
750 1305 844 1359 sororia·

162 1370 222 1417 iilius
232 1368 299 1429 erat),
312 1378 334 1416 et
346 1370 379 1424 Q.
392 1368 506 1423 Fulvium,
518 1377 541 1416 et
552 1372 596 1430 Ap.
609 1367 728 1416 Claudium
739 1370 808 1416 misit.
921 1422 926 1441 „

196 1433 334 1482 XXXVII.
361 1434 396 1482 Ut
415 1441 507 1482 ventum
526 1433 624 1482 Romam
646 1442 687 1488 est,
712 1434 776 1496 prius
795 1451 842 1484 so·-
922 1489 926 1510 Ἴ

163 1501 248 1548 ciorum
269 1500 345 1562 legati,
369 1515 436 1560 quam
458 1500 525 1562 regis,
549 1500 617 1546 auditi
639 1507 698 1546 sunt
740 1499 843 1556 Caetera
920 1505 926 1522 “¹

162 1579 241 1612 acrum
252 1564 323 1610 oratio
334 1565 441 1611 conviciis
451 1566 511 1627 regis
522 1572 640 1611 consumta
650 1571 697 1611 est:
711 1576 836 1615 moverunt

161 1644 190 1676 eo
204 1629 302 1675 maxime
315 1637 425 1684 senatum,
442 1629 615 1677 demonstrando
629 1631 697 1676 maris
711 1637 836 1680 temnam-
919 1635 921 1638 ’

162 1707 208 1754 que
225 1693 324 1768 regionis
342 1696 391 1756 ejus
409 1695 491 1752 situm;
509 1702 534 1742 ut
552 1695 654 1742 omnibus
673 1704 796 1756 appareret,
814 1699 842 1745 si.

162 1757 332 1806 Demetriadem
352 1759 377 1804 in
397 1757 521 1814 Thessalii,
539 1757 669 1808 Chalcidem
690 1761 714 1806 in
733 1759 842 1818 Euboed.
924 1775 925 1780 ¹

163 1820 298 1871 Corinthum
313 1824 337 1870 in
347 1822 436 1870 Acbaih
446 1839 486 1871 rex
497 1831 589 1878 teneret,
606 1837 654 1871 nou
664 1841 731 1886 posse
740 1827 841 1876 liberam.

163 1888 277 1936 Graecism
292 1905 355 1946 esse3
372 1897 397 1936 et
412 1890 485 1951 ipsum
501 1887 635 1952 Philippum,
653 1905 700 1936 non
715 1898 841 1941 contunsa.

160 1952 238 1999 liosius
248 1969 316 2014 quam
326 1955 408 2008 verius,
425 1955 544 2016 compedes
555 1971 592 2002 cas
604 1955 702 2002 Graeciae
713 1957 833 2018 appellare.

161 2015 245 2080 Legati
260 2017 340 2066 deinde
359 2020 419 2082 regis
436 2020 571 2067 intromissi:
597 2021 682 2080 quibus,
706 2021 840 2084 longiorum,

161 2083 247 2129 exorsis
258 2084 388 2139 orationem
405 2086 479 2132 brevia
491 2081 644 2147 interrogatio,
662 2101 796 2134 cessurusne
805 2089 838 2137 iia
920 2082 923 2093 ¹

160 2147 231 2195 tribus
246 2148 336 2196 urbibus
346 2157 412 2204 esset,
429 2165 555 2197 sermonem
566 2151 650 2205 incidit,
667 2167 719 2198 cum
734 2153 836 2202 mandati
921 2162 926 2218 'q

160 2212 202 2261 sibi
216 2212 245 2260 de
257 2213 294 2259 his
305 2215 437 2261 nominatim
448 2224 557 2278 negarent
570 2216 697 2277 quidquam.
733 2217 779 2272 sic,
797 2220 840 2266 iu.-
925 2229 926 2242 ¹

158 2275 220 2324 fecti
230 2294 290 2340 pace,
309 2280 366 2341 regii
379 2280 470 2326 dimissi.
493 2314 495 2320 ‚
507 2279 602 2334 Quintio
612 2282 705 2328 liberum
717 2283 838 2332 arbitrium,

158 2343 254 2404 pacisce
264 2344 316 2390 belli
325 2345 465 2406 permissum.
485 2345 554 2400 Quod
565 2354 590 2392 ut
601 2348 653 2393 satis
664 2348 771 2409 apparuit,
784 2364 832 2398 non

159 2406 243 2454 taedere
259 2409 311 2454 belli
327 2417 436 2463 senatum,
454 2418 478 2456 et
494 2411 548 2472 ipse,
565 2411 666 2458 victoriae
679 2428 752 2472 quam
768 2417 835 2476 pacis
923 2409 924 2416 ἵ

158 2470 251 2526 avidior,
268 2488 341 2534 neque
351 2475 487 2535 colloquium
501 2484 579 2537 postea
590 2475 693 2538 Philippo
704 2477 770 2531 dedit,
790 2495 832 2528 ne-

158 2547 206 2608 que·
216 2535 352 2597 legationem
369 2540 442 2592 aliam,
459 2556 525 2600 quam
540 2557 592 2601 quae
608 2543 669 2588 omni
685 2541 777 2590 Graeciai
791 2545 834 2594 de-
925 2591 926 2596 ,

157 2597 207 2643 essb
217 2601 336 2656 nuntiares,
348 2604 497 2651 admissurum
508 2605 577 2652 dixit·

191 2659 343 2723 xxxvnt
368 2667 491 2736 Philippus,
515 2685 567 2720 cum
591 2671 641 2722 soie
663 2672 856 2728 decernendum·
