<?xml version="1.0" encoding="UTF-8"?>
<!DOCTYPE html PUBLIC "-//W3C//DTD XHTML 1.0 Transitional//EN"
    "http://www.w3.org/TR/xhtml1/DTD/xhtml1-transitional.dtd">
<html xmlns="http://www.w3.org/1999/xhtml" xml:lang="en" lang="en">
 <head>
  <title>
</title>
<meta http-equiv="Content-Type" content="text/html;charset=utf-8" />
  <meta name='ocr-system' content='tesseract 3.04.00' />
  <meta name='ocr-capabilities' content='ocr_page ocr_carea ocr_par ocr_line ocrx_word'/>
</head>
<body>
  <div class='ocr_page' id='page_1' title='image "./tliviipatavinih04caregoog_0064.png"; bbox 0 0 1867 2925; ppageno 0'>
   <div class='ocr_carea' id='block_1_1' title="bbox 161 99 725 157">
    <p class='ocr_par' dir='ltr' id='par_1_1' title="bbox 161 99 725 157">
     <span class='ocr_line' id='line_1_1' title="bbox 161 99 725 157; baseline -0.011 0"><span class='ocrx_word' id='word_1_1' title='bbox 161 112 193 157; x_wconf 85' lang='lat'><strong>⁵6</strong></span> <span class='ocrx_word' id='word_1_2' title='bbox 272 102 478 153; x_wconf 79' lang='lat' dir='ltr'>T.LIV11L11.</span> <span class='ocrx_word' id='word_1_3' title='bbox 491 100 608 151; x_wconf 81' lang='lat' dir='ltr'>XXXII.</span> <span class='ocrx_word' id='word_1_4' title='bbox 628 99 725 151; x_wconf 59' lang='lat'>0125:</span> 
     </span>
    </p>
   </div>
   <div class='ocr_carea' id='block_1_2' title="bbox 114 233 877 2383">
    <p class='ocr_par' dir='ltr' id='par_1_2' title="bbox 160 233 838 349">
     <span class='ocr_line' id='line_1_2' title="bbox 160 233 838 295; baseline 0 -14"><span class='ocrx_word' id='word_1_5' title='bbox 160 235 275 289; x_wconf 71' lang='lat' dir='ltr'><strong>abscessd,</strong></span> <span class='ocrx_word' id='word_1_6' title='bbox 296 240 320 281; x_wconf 89' lang='lat' dir='ltr'><strong>et</strong></span> <span class='ocrx_word' id='word_1_7' title='bbox 337 235 361 281; x_wconf 89' lang='lat' dir='ltr'><strong>in</strong></span> <span class='ocrx_word' id='word_1_8' title='bbox 381 234 543 282; x_wconf 85' lang='lat' dir='ltr'><strong>Macedoniam</strong></span> <span class='ocrx_word' id='word_1_9' title='bbox 558 234 583 281; x_wconf 92' lang='lat' dir='ltr'><strong>in</strong></span> <span class='ocrx_word' id='word_1_10' title='bbox 601 234 695 281; x_wconf 84' lang='lat' dir='ltr'><strong>hiberus</strong></span> <span class='ocrx_word' id='word_1_11' title='bbox 710 233 786 295; x_wconf 68' lang='lat' dir='ltr'><strong>copim</strong></span> <span class='ocrx_word' id='word_1_12' title='bbox 802 248 838 281; x_wconf 71' lang='lat' dir='ltr'><strong>re»</strong></span> 
     </span>
     <span class='ocr_line' id='line_1_3' title="bbox 163 302 235 349; baseline -0.028 0"><span class='ocrx_word' id='word_1_13' title='bbox 163 302 235 349; x_wconf 78' lang='lat' dir='ltr'><strong>duxit.</strong></span> 
     </span>
    </p>

    <p class='ocr_par' dir='ltr' id='par_1_3' title="bbox 114 360 877 2383">
     <span class='ocr_line' id='line_1_4' title="bbox 193 360 847 427; baseline 0.003 -16"><span class='ocrx_word' id='word_1_14' title='bbox 193 365 225 412; x_wconf 92' lang='lat' dir='ltr'><strong>V.</strong></span> <span class='ocrx_word' id='word_1_15' title='bbox 246 364 280 413; x_wconf 89' lang='lat' dir='ltr'><strong>Ibi</strong></span> <span class='ocrx_word' id='word_1_16' title='bbox 292 366 368 413; x_wconf 80' lang='lat' dir='ltr'><strong>caeteri</strong></span> <span class='ocrx_word' id='word_1_17' title='bbox 381 366 478 427; x_wconf 89' lang='lat' dir='ltr'><strong>quidem,</strong></span> <span class='ocrx_word' id='word_1_18' title='bbox 497 363 549 413; x_wconf 77' lang='lat' dir='ltr'><strong>dani</strong></span> <span class='ocrx_word' id='word_1_19' title='bbox 566 362 747 427; x_wconf 66' lang='lat' dir='ltr'><strong>quanticumque</strong></span> <span class='ocrx_word' id='word_1_20' title='bbox 763 360 847 427; x_wconf 84' lang='lat' dir='ltr'><strong>quiete</strong></span> 
     </span>
     <span class='ocr_line' id='line_1_5' title="bbox 161 429 844 494; baseline -0.001 -17"><span class='ocrx_word' id='word_1_21' title='bbox 161 431 357 494; x_wconf 71' lang='lat' dir='ltr'><strong>temporinsimul</strong></span> <span class='ocrx_word' id='word_1_22' title='bbox 367 433 454 478; x_wconf 84' lang='lat' dir='ltr'><strong>animos</strong></span> <span class='ocrx_word' id='word_1_23' title='bbox 465 446 604 493; x_wconf 70' lang='lat' dir='ltr'>corporaque</span> <span class='ocrx_word' id='word_1_24' title='bbox 614 431 752 477; x_wconf 68' lang='lat' dir='ltr'><strong>remiserant.</strong></span> <span class='ocrx_word' id='word_1_25' title='bbox 783 429 844 477; x_wconf 81' lang='lat' dir='ltr'><strong>Phi-</strong></span> 
     </span>
     <span class='ocr_line' id='line_1_6' title="bbox 162 496 843 560; baseline -0.004 -15"><span class='ocrx_word' id='word_1_26' title='bbox 162 498 256 560; x_wconf 88' lang='lat' dir='ltr'><strong>lippum,</strong></span> <span class='ocrx_word' id='word_1_27' title='bbox 269 503 377 557; x_wconf 85' lang='lat' dir='ltr'><strong>quantum</strong></span> <span class='ocrx_word' id='word_1_28' title='bbox 388 497 416 543; x_wconf 87' lang='lat' dir='ltr'><strong>ab</strong></span> <span class='ocrx_word' id='word_1_29' title='bbox 433 497 527 543; x_wconf 79' lang='lat' dir='ltr'><strong>assiduis</strong></span> <span class='ocrx_word' id='word_1_30' title='bbox 543 496 655 543; x_wconf 85' lang='lat' dir='ltr'><strong>laboribus</strong></span> <span class='ocrx_word' id='word_1_31' title='bbox 666 496 771 543; x_wconf 86' lang='lat' dir='ltr'><strong>itinerum</strong></span> <span class='ocrx_word' id='word_1_32' title='bbox 781 511 843 559; x_wconf 75' lang='lat' dir='ltr'><strong>pug-</strong></span> 
     </span>
     <span class='ocr_line' id='line_1_7' title="bbox 163 562 843 624; baseline -0.006 -13"><span class='ocrx_word' id='word_1_33' title='bbox 163 577 289 623; x_wconf 77' lang='lat' dir='ltr'><strong>natumque</strong></span> <span class='ocrx_word' id='word_1_34' title='bbox 303 562 417 609; x_wconf 84' lang='lat' dir='ltr'><strong>laxaverat</strong></span> <span class='ocrx_word' id='word_1_35' title='bbox 432 577 512 617; x_wconf 86' lang='lat' dir='ltr'><strong>annus,</strong></span> <span class='ocrx_word' id='word_1_36' title='bbox 530 569 594 609; x_wconf 84' lang='lat' dir='ltr'><strong>tanto</strong></span> <span class='ocrx_word' id='word_1_37' title='bbox 609 562 682 624; x_wconf 75' lang='lat' dir='ltr'><strong>magis</strong></span> <span class='ocrx_word' id='word_1_38' title='bbox 693 562 807 608; x_wconf 87' lang='lat' dir='ltr'><strong>intentum</strong></span> <span class='ocrx_word' id='word_1_39' title='bbox 817 563 843 607; x_wconf 88' lang='lat' dir='ltr'><strong>in</strong></span> 
     </span>
     <span class='ocr_line' id='line_1_8' title="bbox 164 628 845 689; baseline 0 -14"><span class='ocrx_word' id='word_1_40' title='bbox 164 629 295 675; x_wconf 86' lang='lat' dir='ltr'><strong>universum</strong></span> <span class='ocrx_word' id='word_1_41' title='bbox 312 634 418 673; x_wconf 84' lang='lat' dir='ltr'><strong>eventum</strong></span> <span class='ocrx_word' id='word_1_42' title='bbox 434 628 486 673; x_wconf 89' lang='lat' dir='ltr'><strong>belli</strong></span> <span class='ocrx_word' id='word_1_43' title='bbox 504 642 565 674; x_wconf 74' lang='lat' dir='ltr'><strong>curae</strong></span> <span class='ocrx_word' id='word_1_44' title='bbox 582 634 678 689; x_wconf 82' lang='lat' dir='ltr'><strong>angunt,</strong></span> <span class='ocrx_word' id='word_1_45' title='bbox 699 641 745 672; x_wconf 90' lang='lat' dir='ltr'><strong>non</strong></span> <span class='ocrx_word' id='word_1_46' title='bbox 764 628 845 675; x_wconf 75' lang='lat' dir='ltr'><strong>hostes</strong></span> 
     </span>
     <span class='ocr_line' id='line_1_9' title="bbox 164 690 845 753; baseline -0.003 -12"><span class='ocrx_word' id='word_1_47' title='bbox 164 693 233 741; x_wconf 88' lang='lat' dir='ltr'><strong>modo</strong></span> <span class='ocrx_word' id='word_1_48' title='bbox 255 693 380 745; x_wconf 83' lang='lat' dir='ltr'><strong>timentem,</strong></span> <span class='ocrx_word' id='word_1_49' title='bbox 400 692 437 752; x_wconf 87' lang='lat' dir='ltr'><strong>qui</strong></span> <span class='ocrx_word' id='word_1_50' title='bbox 455 690 516 739; x_wconf 77' lang='lat' dir='ltr'><strong>terni</strong></span> <span class='ocrx_word' id='word_1_51' title='bbox 532 693 633 753; x_wconf 90' lang='lat' dir='ltr'><strong>marique</strong></span> <span class='ocrx_word' id='word_1_52' title='bbox 649 693 779 753; x_wconf 58' lang='lat' dir='ltr'><strong>urgebant,</strong></span> <span class='ocrx_word' id='word_1_53' title='bbox 803 692 845 739; x_wconf 82' lang='lat' dir='ltr'><strong>ssd</strong></span> 
     </span>
     <span class='ocr_line' id='line_1_10' title="bbox 165 757 845 819; baseline -0.001 -14"><span class='ocrx_word' id='word_1_54' title='bbox 165 773 226 805; x_wconf 91' lang='lat' dir='ltr'><strong>nunc</strong></span> <span class='ocrx_word' id='word_1_55' title='bbox 237 757 357 810; x_wconf 89' lang='lat' dir='ltr'><strong>sociorum,</strong></span> <span class='ocrx_word' id='word_1_56' title='bbox 368 772 428 803; x_wconf 91' lang='lat' dir='ltr'><strong>nunc</strong></span> <span class='ocrx_word' id='word_1_57' title='bbox 439 758 506 804; x_wconf 87' lang='lat' dir='ltr'><strong>etiam</strong></span> <span class='ocrx_word' id='word_1_58' title='bbox 519 757 660 819; x_wconf 76' lang='lat' dir='ltr'><strong>popularium</strong></span> <span class='ocrx_word' id='word_1_59' title='bbox 672 757 766 809; x_wconf 84' lang='lat' dir='ltr'><strong>animos,</strong></span> <span class='ocrx_word' id='word_1_60' title='bbox 779 772 810 803; x_wconf 89' lang='lat' dir='ltr'><strong>ne</strong></span> <span class='ocrx_word' id='word_1_61' title='bbox 820 764 845 804; x_wconf 81' lang='lat' dir='ltr'><strong>et</strong></span> 
     </span>
     <span class='ocr_line' id='line_1_11' title="bbox 164 820 845 884; baseline 0 -15"><span class='ocrx_word' id='word_1_62' title='bbox 164 822 196 869; x_wconf 89' lang='lat' dir='ltr'><strong>illi</strong></span> <span class='ocrx_word' id='word_1_63' title='bbox 208 822 235 869; x_wconf 88' lang='lat' dir='ltr'><strong>ad</strong></span> <span class='ocrx_word' id='word_1_64' title='bbox 247 836 309 884; x_wconf 85' lang='lat' dir='ltr'><strong>spem</strong></span> <span class='ocrx_word' id='word_1_65' title='bbox 321 822 425 869; x_wconf 88' lang='lat' dir='ltr'><strong>amicitiae</strong></span> <span class='ocrx_word' id='word_1_66' title='bbox 436 822 594 869; x_wconf 86' lang='lat' dir='ltr'><strong>Romanorum</strong></span> <span class='ocrx_word' id='word_1_67' title='bbox 610 821 738 876; x_wconf 81' lang='lat' dir='ltr'><strong>deficerent,</strong></span> <span class='ocrx_word' id='word_1_68' title='bbox 753 829 777 868; x_wconf 83' lang='lat' dir='ltr'><strong>et</strong></span> <span class='ocrx_word' id='word_1_69' title='bbox 787 820 845 869; x_wconf 75' lang='lat' dir='ltr'><strong>Me·</strong></span> 
     </span>
     <span class='ocr_line' id='line_1_12' title="bbox 165 886 846 949; baseline 0 -14"><span class='ocrx_word' id='word_1_70' title='bbox 165 886 262 935; x_wconf 86' lang='lat' dir='ltr'><strong>cedonas</strong></span> <span class='ocrx_word' id='word_1_71' title='bbox 278 887 338 949; x_wconf 84' lang='lat' dir='ltr'><strong>ipsos</strong></span> <span class='ocrx_word' id='word_1_72' title='bbox 355 888 435 949; x_wconf 89' lang='lat' dir='ltr'><strong>cupido</strong></span> <span class='ocrx_word' id='word_1_73' title='bbox 451 888 550 935; x_wconf 86' lang='lat' dir='ltr'><strong>novandi</strong></span> <span class='ocrx_word' id='word_1_74' title='bbox 562 903 598 934; x_wconf 77' lang='lat' dir='ltr'><strong>res</strong></span> <span class='ocrx_word' id='word_1_75' title='bbox 609 895 711 949; x_wconf 82' lang='lat' dir='ltr'><strong>caperet:</strong></span> <span class='ocrx_word' id='word_1_76' title='bbox 731 887 810 947; x_wconf 83' lang='lat' dir='ltr'><strong>itaque</strong></span> <span class='ocrx_word' id='word_1_77' title='bbox 821 896 846 935; x_wconf 87' lang='lat' dir='ltr'><strong>et</strong></span> 
     </span>
     <span class='ocr_line' id='line_1_13' title="bbox 165 952 847 1015; baseline -0.003 -14"><span class='ocrx_word' id='word_1_78' title='bbox 165 954 189 1001; x_wconf 92' lang='lat' dir='ltr'><strong>in</strong></span> <span class='ocrx_word' id='word_1_79' title='bbox 200 953 312 1001; x_wconf 83' lang='lat' dir='ltr'><strong>Achaiam</strong></span> <span class='ocrx_word' id='word_1_80' title='bbox 323 953 410 1015; x_wconf 79' lang='lat' dir='ltr'><strong>legatos</strong></span> <span class='ocrx_word' id='word_1_81' title='bbox 421 954 490 1006; x_wconf 86' lang='lat' dir='ltr'><strong>misit,</strong></span> <span class='ocrx_word' id='word_1_82' title='bbox 502 953 570 999; x_wconf 81' lang='lat' dir='ltr'><strong>simul</strong></span> <span class='ocrx_word' id='word_1_83' title='bbox 584 954 622 1014; x_wconf 91' lang='lat' dir='ltr'><strong>qui</strong></span> <span class='ocrx_word' id='word_1_84' title='bbox 629 952 788 1015; x_wconf 86' lang='lat' dir='ltr'><strong>jusjurandum</strong></span> <span class='ocrx_word' id='word_1_85' title='bbox 800 953 847 1015; x_wconf 78' lang='lat' dir='ltr'><strong>(its</strong></span> 
     </span>
     <span class='ocr_line' id='line_1_14' title="bbox 165 1015 847 1081; baseline -0.007 -15"><span class='ocrx_word' id='word_1_86' title='bbox 165 1018 226 1066; x_wconf 87' lang='lat' dir='ltr'><strong>enim</strong></span> <span class='ocrx_word' id='word_1_87' title='bbox 242 1019 381 1079; x_wconf 80' lang='lat' dir='ltr'><strong>popigerant,</strong></span> <span class='ocrx_word' id='word_1_88' title='bbox 399 1018 519 1079; x_wconf 76' lang='lat' dir='ltr'><strong>quotannis</strong></span> <span class='ocrx_word' id='word_1_89' title='bbox 531 1020 647 1081; x_wconf 88' lang='lat' dir='ltr'><strong>juraturos</strong></span> <span class='ocrx_word' id='word_1_90' title='bbox 663 1018 687 1064; x_wconf 89' lang='lat' dir='ltr'><strong>in</strong></span> <span class='ocrx_word' id='word_1_91' title='bbox 703 1018 772 1064; x_wconf 84' lang='lat' dir='ltr'><strong>verba</strong></span> <span class='ocrx_word' id='word_1_92' title='bbox 787 1015 847 1063; x_wconf 76' lang='lat' dir='ltr'><strong>Phi.</strong></span> 
     </span>
     <span class='ocr_line' id='line_1_15' title="bbox 114 1082 848 1147; baseline 0.001 -18"><span class='ocrx_word' id='word_1_93' title='bbox 114 1106 119 1115; x_wconf 63' lang='lat'><strong><em>¹</em></strong></span> <span class='ocrx_word' id='word_1_94' title='bbox 164 1082 231 1147; x_wconf 71' lang='lat' dir='ltr'><strong>lippi)</strong></span> <span class='ocrx_word' id='word_1_95' title='bbox 243 1084 376 1144; x_wconf 75' lang='lat' dir='ltr'><strong>exigerent3</strong></span> <span class='ocrx_word' id='word_1_96' title='bbox 395 1083 461 1130; x_wconf 90' lang='lat' dir='ltr'><strong>simul</strong></span> <span class='ocrx_word' id='word_1_97' title='bbox 472 1084 510 1144; x_wconf 90' lang='lat' dir='ltr'><strong>qni</strong></span> <span class='ocrx_word' id='word_1_98' title='bbox 521 1083 639 1130; x_wconf 80' lang='lat' dir='ltr'><strong>redderent</strong></span> <span class='ocrx_word' id='word_1_99' title='bbox 649 1083 743 1130; x_wconf 75' lang='lat' dir='ltr'><strong>Achaeis</strong></span> <span class='ocrx_word' id='word_1_100' title='bbox 754 1082 848 1130; x_wconf 83' lang='lat' dir='ltr'><strong>Orcho-</strong></span> 
     </span>
     <span class='ocr_line' id='line_1_16' title="bbox 167 1141 845 1210; baseline 0 -15"><span class='ocrx_word' id='word_1_101' title='bbox 167 1160 258 1200; x_wconf 83' lang='lat' dir='ltr'><strong>menon,</strong></span> <span class='ocrx_word' id='word_1_102' title='bbox 272 1155 295 1193; x_wconf 86' lang='lat' dir='ltr'><strong>et</strong></span> <span class='ocrx_word' id='word_1_103' title='bbox 306 1145 423 1201; x_wconf 68' lang='lat' dir='ltr'><strong>Hermam,</strong></span> <span class='ocrx_word' id='word_1_104' title='bbox 434 1156 458 1195; x_wconf 88' lang='lat' dir='ltr'><strong>et</strong></span> <span class='ocrx_word' id='word_1_105' title='bbox 466 1141 619 1210; x_wconf 75' lang='lat' dir='ltr'><strong>Triphyliam5</strong></span> <span class='ocrx_word' id='word_1_106' title='bbox 631 1147 695 1195; x_wconf 83' lang='lat' dir='ltr'><strong>Eleis</strong></span> <span class='ocrx_word' id='word_1_107' title='bbox 701 1147 845 1209; x_wconf 77' lang='lat' dir='ltr'><strong>Alipheram,</strong></span> 
     </span>
     <span class='ocr_line' id='line_1_17' title="bbox 168 1212 848 1273; baseline 0 -14"><span class='ocrx_word' id='word_1_108' title='bbox 168 1212 361 1265; x_wconf 85' lang='lat' dir='ltr'><strong>contendentibus,</strong></span> <span class='ocrx_word' id='word_1_109' title='bbox 378 1227 494 1273; x_wconf 86' lang='lat' dir='ltr'><strong>nunquam</strong></span> <span class='ocrx_word' id='word_1_110' title='bbox 510 1228 560 1261; x_wconf 88' lang='lat' dir='ltr'><strong>eam</strong></span> <span class='ocrx_word' id='word_1_111' title='bbox 577 1214 654 1261; x_wconf 86' lang='lat' dir='ltr'><strong>urbem</strong></span> <span class='ocrx_word' id='word_1_112' title='bbox 669 1213 780 1260; x_wconf 78' lang='lat' dir='ltr'><strong>fuisseex</strong></span> <span class='ocrx_word' id='word_1_113' title='bbox 790 1212 848 1260; x_wconf 89' lang='lat' dir='ltr'><strong>Tri-</strong></span> 
     </span>
     <span class='ocr_line' id='line_1_18' title="bbox 167 1275 847 1343; baseline 0.003 -20"><span class='ocrx_word' id='word_1_114' title='bbox 167 1275 250 1343; x_wconf 77' lang='lat' dir='ltr'><strong>phylit,</strong></span> <span class='ocrx_word' id='word_1_115' title='bbox 264 1277 303 1324; x_wconf 86' lang='lat' dir='ltr'><strong>sed</strong></span> <span class='ocrx_word' id='word_1_116' title='bbox 318 1278 357 1325; x_wconf 82' lang='lat' dir='ltr'><strong>sibi</strong></span> <span class='ocrx_word' id='word_1_117' title='bbox 374 1278 453 1325; x_wconf 87' lang='lat' dir='ltr'><strong>debere</strong></span> <span class='ocrx_word' id='word_1_118' title='bbox 470 1278 563 1332; x_wconf 87' lang='lat' dir='ltr'><strong>restitui,</strong></span> <span class='ocrx_word' id='word_1_119' title='bbox 577 1279 629 1338; x_wconf 87' lang='lat' dir='ltr'><strong>quia</strong></span> <span class='ocrx_word' id='word_1_120' title='bbox 642 1293 687 1326; x_wconf 88' lang='lat' dir='ltr'><strong>una</strong></span> <span class='ocrx_word' id='word_1_121' title='bbox 697 1285 757 1325; x_wconf 84' lang='lat' dir='ltr'><strong>essct</strong></span> <span class='ocrx_word' id='word_1_122' title='bbox 768 1293 799 1325; x_wconf 89' lang='lat' dir='ltr'><strong>ex</strong></span> <span class='ocrx_word' id='word_1_123' title='bbox 808 1278 847 1334; x_wconf 87' lang='lat' dir='ltr'><strong>iis,</strong></span> 
     </span>
     <span class='ocr_line' id='line_1_19' title="bbox 168 1342 847 1405; baseline 0.004 -16"><span class='ocrx_word' id='word_1_124' title='bbox 168 1358 220 1405; x_wconf 84' lang='lat' dir='ltr'><strong>quae</strong></span> <span class='ocrx_word' id='word_1_125' title='bbox 237 1343 264 1391; x_wconf 85' lang='lat' dir='ltr'><strong>ad</strong></span> <span class='ocrx_word' id='word_1_126' title='bbox 280 1342 419 1389; x_wconf 79' lang='lat' dir='ltr'><strong>condendam</strong></span> <span class='ocrx_word' id='word_1_127' title='bbox 434 1343 599 1405; x_wconf 73' lang='lat' dir='ltr'><strong>Megalopolim</strong></span> <span class='ocrx_word' id='word_1_128' title='bbox 615 1358 645 1389; x_wconf 86' lang='lat' dir='ltr'><strong>ex</strong></span> <span class='ocrx_word' id='word_1_129' title='bbox 659 1343 755 1390; x_wconf 85' lang='lat' dir='ltr'><strong>concilio</strong></span> <span class='ocrx_word' id='word_1_130' title='bbox 771 1343 847 1392; x_wconf 82' lang='lat' dir='ltr'><strong>Arca·</strong></span> 
     </span>
     <span class='ocr_line' id='line_1_20' title="bbox 167 1408 850 1472; baseline -0.001 -16"><span class='ocrx_word' id='word_1_131' title='bbox 167 1410 223 1456; x_wconf 87' lang='lat' dir='ltr'><strong>dum</strong></span> <span class='ocrx_word' id='word_1_132' title='bbox 234 1408 367 1455; x_wconf 82' lang='lat' dir='ltr'><strong>contributae</strong></span> <span class='ocrx_word' id='word_1_133' title='bbox 377 1408 459 1457; x_wconf 81' lang='lat' dir='ltr'><strong>forent.</strong></span> <span class='ocrx_word' id='word_1_134' title='bbox 495 1408 591 1456; x_wconf 86' lang='lat' dir='ltr'><strong>Etcum</strong></span> <span class='ocrx_word' id='word_1_135' title='bbox 602 1408 696 1455; x_wconf 86' lang='lat' dir='ltr'><strong>Achaeis</strong></span> <span class='ocrx_word' id='word_1_136' title='bbox 706 1408 796 1470; x_wconf 87' lang='lat' dir='ltr'><strong>quidem</strong></span> <span class='ocrx_word' id='word_1_137' title='bbox 804 1425 850 1472; x_wconf 88' lang='lat' dir='ltr'><strong>per</strong></span> 
     </span>
     <span class='ocr_line' id='line_1_21' title="bbox 167 1474 877 1528; baseline 0 -6"><span class='ocrx_word' id='word_1_138' title='bbox 167 1476 219 1528; x_wconf 77' lang='lat' dir='ltr'><strong>haec</strong></span> <span class='ocrx_word' id='word_1_139' title='bbox 234 1476 363 1522; x_wconf 85' lang='lat' dir='ltr'><strong>societatem</strong></span> <span class='ocrx_word' id='word_1_140' title='bbox 383 1474 498 1522; x_wconf 82' lang='lat' dir='ltr'><strong>finnahat:</strong></span> <span class='ocrx_word' id='word_1_141' title='bbox 524 1474 679 1522; x_wconf 83' lang='lat' dir='ltr'><strong>Macedonum</strong></span> <span class='ocrx_word' id='word_1_142' title='bbox 698 1476 785 1522; x_wconf 88' lang='lat' dir='ltr'><strong>animos</strong></span> <span class='ocrx_word' id='word_1_143' title='bbox 804 1477 848 1522; x_wconf 87' lang='lat' dir='ltr'><strong>sibi</strong></span> <span class='ocrx_word' id='word_1_144' title='bbox 874 1523 877 1527; x_wconf 69' lang='grc'><em>,</em></span> 
     </span>
     <span class='ocr_line' id='line_1_22' title="bbox 170 1535 848 1604; baseline 0.004 -18"><span class='ocrx_word' id='word_1_145' title='bbox 170 1539 299 1586; x_wconf 86' lang='lat' dir='ltr'><strong>conciliavit</strong></span> <span class='ocrx_word' id='word_1_146' title='bbox 307 1535 382 1604; x_wconf 89' lang='lat' dir='ltr'><strong>[curn]</strong></span> <span class='ocrx_word' id='word_1_147' title='bbox 393 1539 528 1588; x_wconf 85' lang='lat' dir='ltr'><strong>Heraclide:</strong></span> <span class='ocrx_word' id='word_1_148' title='bbox 547 1556 606 1595; x_wconf 83' lang='lat' dir='ltr'><strong>nun,</strong></span> <span class='ocrx_word' id='word_1_149' title='bbox 617 1556 668 1588; x_wconf 86' lang='lat' dir='ltr'><strong>cum</strong></span> <span class='ocrx_word' id='word_1_150' title='bbox 677 1556 729 1587; x_wconf 83' lang='lat' dir='ltr'><strong>eum</strong></span> <span class='ocrx_word' id='word_1_151' title='bbox 738 1540 848 1589; x_wconf 76' lang='lat' dir='ltr'><strong>maximae</strong></span> 
     </span>
     <span class='ocr_line' id='line_1_23' title="bbox 168 1602 848 1659; baseline 0.006 -10"><span class='ocrx_word' id='word_1_152' title='bbox 168 1602 260 1650; x_wconf 75' lang='lat' dir='ltr'><strong>invidiae</strong></span> <span class='ocrx_word' id='word_1_153' title='bbox 272 1604 312 1650; x_wconf 83' lang='lat' dir='ltr'><strong>sibi</strong></span> <span class='ocrx_word' id='word_1_154' title='bbox 323 1619 373 1650; x_wconf 84' lang='lat' dir='ltr'><strong>esse</strong></span> <span class='ocrx_word' id='word_1_155' title='bbox 384 1614 492 1659; x_wconf 88' lang='lat' dir='ltr'><strong>cerneret,</strong></span> <span class='ocrx_word' id='word_1_156' title='bbox 504 1607 581 1653; x_wconf 91' lang='lat' dir='ltr'><strong>multis</strong></span> <span class='ocrx_word' id='word_1_157' title='bbox 589 1606 718 1653; x_wconf 81' lang='lat' dir='ltr'><strong>crimimlsus</strong></span> <span class='ocrx_word' id='word_1_158' title='bbox 725 1614 848 1653; x_wconf 83' lang='lat' dir='ltr'><strong>oneratum</strong></span> 
     </span>
     <span class='ocr_line' id='line_1_24' title="bbox 169 1668 850 1734; baseline 0.007 -21"><span class='ocrx_word' id='word_1_159' title='bbox 169 1668 194 1714; x_wconf 91' lang='lat' dir='ltr'><strong>in</strong></span> <span class='ocrx_word' id='word_1_160' title='bbox 202 1668 293 1714; x_wconf 82' lang='lat' dir='ltr'><strong>vincrdn</strong></span> <span class='ocrx_word' id='word_1_161' title='bbox 300 1670 403 1732; x_wconf 86' lang='lat' dir='ltr'><strong>conjecit,</strong></span> <span class='ocrx_word' id='word_1_162' title='bbox 414 1671 502 1732; x_wconf 82' lang='lat' dir='ltr'><strong>ingenti</strong></span> <span class='ocrx_word' id='word_1_163' title='bbox 510 1672 651 1733; x_wconf 88' lang='lat' dir='ltr'><strong>popularium</strong></span> <span class='ocrx_word' id='word_1_164' title='bbox 662 1671 752 1734; x_wconf 76' lang='lat' dir='ltr'><strong>gaudio.</strong></span> <span class='ocrx_word' id='word_1_165' title='bbox 789 1669 850 1718; x_wconf 81' lang='lat' dir='ltr'><strong>Bel-</strong></span> 
     </span>
     <span class='ocr_line' id='line_1_25' title="bbox 169 1732 849 1798; baseline 0.007 -19"><span class='ocrx_word' id='word_1_166' title='bbox 169 1732 226 1790; x_wconf 81' lang='lat' dir='ltr'><strong>¹lum,</strong></span> <span class='ocrx_word' id='word_1_167' title='bbox 244 1733 262 1778; x_wconf 90' lang='lat' dir='ltr'><strong>si</strong></span> <span class='ocrx_word' id='word_1_168' title='bbox 278 1734 367 1794; x_wconf 81' lang='lat' dir='ltr'><strong>qumdo</strong></span> <span class='ocrx_word' id='word_1_169' title='bbox 380 1750 479 1796; x_wconf 87' lang='lat' dir='ltr'><strong>unquam</strong></span> <span class='ocrx_word' id='word_1_170' title='bbox 491 1744 544 1784; x_wconf 87' lang='lat' dir='ltr'><strong>ante</strong></span> <span class='ocrx_word' id='word_1_171' title='bbox 558 1737 620 1790; x_wconf 84' lang='lat' dir='ltr'><strong>alins,</strong></span> <span class='ocrx_word' id='word_1_172' title='bbox 636 1745 684 1783; x_wconf 90' lang='lat' dir='ltr'><strong>tum</strong></span> <span class='ocrx_word' id='word_1_173' title='bbox 696 1733 781 1798; x_wconf 71' lang='lat' dir='ltr'><strong>magni</strong></span> <span class='ocrx_word' id='word_1_174' title='bbox 791 1735 849 1784; x_wconf 75' lang='lat' dir='ltr'><strong>curt</strong></span> 
     </span>
     <span class='ocr_line' id='line_1_26' title="bbox 170 1799 851 1862; baseline 0.006 -16"><span class='ocrx_word' id='word_1_175' title='bbox 170 1799 300 1861; x_wconf 78' lang='lat' dir='ltr'><strong>spparuvit3</strong></span> <span class='ocrx_word' id='word_1_176' title='bbox 322 1801 466 1862; x_wconf 85' lang='lat' dir='ltr'><strong>exercuitque</strong></span> <span class='ocrx_word' id='word_1_177' title='bbox 484 1801 508 1848; x_wconf 94' lang='lat' dir='ltr'><strong>in</strong></span> <span class='ocrx_word' id='word_1_178' title='bbox 527 1802 595 1848; x_wconf 88' lang='lat' dir='ltr'><strong>armis</strong></span> <span class='ocrx_word' id='word_1_179' title='bbox 613 1810 637 1848; x_wconf 85' lang='lat' dir='ltr'><strong>et</strong></span> <span class='ocrx_word' id='word_1_180' title='bbox 654 1801 802 1855; x_wconf 60' lang='lat' dir='ltr'><strong>Macednum</strong></span> <span class='ocrx_word' id='word_1_181' title='bbox 823 1809 851 1850; x_wconf 89' lang='lat' dir='ltr'><strong>et</strong></span> 
     </span>
     <span class='ocr_line' id='line_1_27' title="bbox 169 1863 850 1928; baseline 0.006 -16"><span class='ocrx_word' id='word_1_182' title='bbox 169 1863 321 1912; x_wconf 65' lang='lat' dir='ltr'><strong>,mercenarios</strong></span> <span class='ocrx_word' id='word_1_183' title='bbox 338 1865 435 1912; x_wconf 83' lang='lat' dir='ltr'><strong>milites:</strong></span> <span class='ocrx_word' id='word_1_184' title='bbox 457 1866 611 1928; x_wconf 85' lang='lat' dir='ltr'><strong>principioque</strong></span> <span class='ocrx_word' id='word_1_185' title='bbox 626 1866 686 1914; x_wconf 84' lang='lat' dir='ltr'><strong>veris</strong></span> <span class='ocrx_word' id='word_1_186' title='bbox 704 1882 756 1914; x_wconf 88' lang='lat' dir='ltr'><strong>cum</strong></span> <span class='ocrx_word' id='word_1_187' title='bbox 771 1867 850 1916; x_wconf 75' lang='lat' dir='ltr'><strong>nne-</strong></span> 
     </span>
     <span class='ocr_line' id='line_1_28' title="bbox 170 1927 851 1993; baseline 0.004 -17"><span class='ocrx_word' id='word_1_188' title='bbox 170 1927 257 1991; x_wconf 75' lang='lat' dir='ltr'><strong>nagori</strong></span> <span class='ocrx_word' id='word_1_189' title='bbox 265 1929 341 1976; x_wconf 84' lang='lat' dir='ltr'><strong>omnia</strong></span> <span class='ocrx_word' id='word_1_190' title='bbox 348 1938 441 1977; x_wconf 83' lang='lat' dir='ltr'><strong>externa</strong></span> <span class='ocrx_word' id='word_1_191' title='bbox 449 1931 538 1984; x_wconf 85' lang='lat' dir='ltr'><strong>auxilia,</strong></span> <span class='ocrx_word' id='word_1_192' title='bbox 548 1933 651 1993; x_wconf 90' lang='lat' dir='ltr'><strong>quodque</strong></span> <span class='ocrx_word' id='word_1_193' title='bbox 661 1931 718 1978; x_wconf 81' lang='lat' dir='ltr'><strong>levis</strong></span> <span class='ocrx_word' id='word_1_194' title='bbox 725 1940 851 1980; x_wconf 78' lang='lat' dir='ltr'><strong>armaturae</strong></span> 
     </span>
     <span class='ocr_line' id='line_1_29' title="bbox 171 1992 850 2059; baseline 0.004 -17"><span class='ocrx_word' id='word_1_195' title='bbox 171 2001 226 2047; x_wconf 83' lang='lat' dir='ltr'><strong>erat,</strong></span> <span class='ocrx_word' id='word_1_196' title='bbox 238 1995 262 2040; x_wconf 89' lang='lat' dir='ltr'><strong>in</strong></span> <span class='ocrx_word' id='word_1_197' title='bbox 275 1992 400 2044; x_wconf 84' lang='lat' dir='ltr'><strong>Chaoniam</strong></span> <span class='ocrx_word' id='word_1_198' title='bbox 417 2011 457 2057; x_wconf 87' lang='lat' dir='ltr'><strong>per</strong></span> <span class='ocrx_word' id='word_1_199' title='bbox 475 1995 579 2057; x_wconf 80' lang='lat' dir='ltr'><strong>Epirum,</strong></span> <span class='ocrx_word' id='word_1_200' title='bbox 595 1997 624 2044; x_wconf 84' lang='lat' dir='ltr'><strong>ad</strong></span> <span class='ocrx_word' id='word_1_201' title='bbox 638 1997 778 2058; x_wconf 83' lang='lat' dir='ltr'><strong>occupandas</strong></span> <span class='ocrx_word' id='word_1_202' title='bbox 794 2013 850 2059; x_wconf 82' lang='lat' dir='ltr'><strong>quae</strong></span> 
     </span>
     <span class='ocr_line' id='line_1_30' title="bbox 170 2057 850 2125; baseline 0.006 -19"><span class='ocrx_word' id='word_1_203' title='bbox 170 2057 200 2106; x_wconf 84' lang='lat' dir='ltr'><strong>ad</strong></span> <span class='ocrx_word' id='word_1_204' title='bbox 212 2058 365 2120; x_wconf 79' lang='lat' dir='ltr'><strong>Antigoneam</strong></span> <span class='ocrx_word' id='word_1_205' title='bbox 382 2059 457 2108; x_wconf 77' lang='lat' dir='ltr'><strong>lances</strong></span> <span class='ocrx_word' id='word_1_206' title='bbox 475 2067 534 2114; x_wconf 87' lang='lat' dir='ltr'><strong>sunt,</strong></span> <span class='ocrx_word' id='word_1_207' title='bbox 556 2063 638 2125; x_wconf 77' lang='lat' dir='ltr'><strong>(Stena</strong></span> <span class='ocrx_word' id='word_1_208' title='bbox 655 2069 738 2109; x_wconf 87' lang='lat' dir='ltr'><strong>vocant</strong></span> <span class='ocrx_word' id='word_1_209' title='bbox 756 2062 850 2124; x_wconf 69' lang='lat' dir='ltr'><strong>Greci)</strong></span> 
     </span>
     <span class='ocr_line' id='line_1_31' title="bbox 171 2121 851 2191; baseline -0.006 -17"><span class='ocrx_word' id='word_1_210' title='bbox 171 2123 240 2174; x_wconf 79' lang='lat' dir='ltr'><strong>misit.</strong></span> <span class='ocrx_word' id='word_1_211' title='bbox 275 2121 329 2185; x_wconf 81' lang='lat' dir='ltr'><strong>Ipse</strong></span> <span class='ocrx_word' id='word_1_212' title='bbox 339 2133 391 2187; x_wconf 86' lang='lat' dir='ltr'><strong>post</strong></span> <span class='ocrx_word' id='word_1_213' title='bbox 401 2127 477 2188; x_wconf 83' lang='lat' dir='ltr'><strong>paucis</strong></span> <span class='ocrx_word' id='word_1_214' title='bbox 487 2126 564 2173; x_wconf 88' lang='lat' dir='ltr'><strong>diebus</strong></span> <span class='ocrx_word' id='word_1_215' title='bbox 578 2127 682 2189; x_wconf 81' lang='lat' dir='ltr'><strong>graviore</strong></span> <span class='ocrx_word' id='word_1_216' title='bbox 698 2134 789 2174; x_wconf 87' lang='lat' dir='ltr'><strong>secutus</strong></span> <span class='ocrx_word' id='word_1_217' title='bbox 806 2143 851 2191; x_wconf 70' lang='lat' dir='ltr'><strong>eg.</strong></span> 
     </span>
     <span class='ocr_line' id='line_1_32' title="bbox 172 2189 861 2253; baseline 0.003 -16"><span class='ocrx_word' id='word_1_218' title='bbox 172 2189 240 2243; x_wconf 88' lang='lat' dir='ltr'><strong>mine,</strong></span> <span class='ocrx_word' id='word_1_219' title='bbox 250 2204 301 2236; x_wconf 91' lang='lat' dir='ltr'><strong>cum</strong></span> <span class='ocrx_word' id='word_1_220' title='bbox 311 2190 378 2236; x_wconf 86' lang='lat' dir='ltr'><strong>situm</strong></span> <span class='ocrx_word' id='word_1_221' title='bbox 388 2205 479 2238; x_wconf 89' lang='lat' dir='ltr'><strong>omnem</strong></span> <span class='ocrx_word' id='word_1_222' title='bbox 487 2191 586 2253; x_wconf 78' lang='lat' dir='ltr'><strong>regionis</strong></span> <span class='ocrx_word' id='word_1_223' title='bbox 594 2192 739 2253; x_wconf 76' lang='lat' dir='ltr'><strong>adspexisset,</strong></span> <span class='ocrx_word' id='word_1_224' title='bbox 749 2194 861 2244; x_wconf 28' lang='lat' dir='ltr'><strong>maxime*</strong></span> 
     </span>
     <span class='ocr_line' id='line_1_33' title="bbox 171 2254 852 2320; baseline 0.009 -18"><span class='ocrx_word' id='word_1_225' title='bbox 171 2255 277 2302; x_wconf 88' lang='lat' dir='ltr'><strong>idoneum</strong></span> <span class='ocrx_word' id='word_1_226' title='bbox 293 2254 321 2302; x_wconf 90' lang='lat' dir='ltr'><strong>ad</strong></span> <span class='ocrx_word' id='word_1_227' title='bbox 337 2256 483 2303; x_wconf 86' lang='lat' dir='ltr'><strong>muniendum</strong></span> <span class='ocrx_word' id='word_1_228' title='bbox 500 2257 576 2304; x_wconf 90' lang='lat' dir='ltr'><strong>locum</strong></span> <span class='ocrx_word' id='word_1_229' title='bbox 591 2257 684 2304; x_wconf 90' lang='lat' dir='ltr'><strong>credidit</strong></span> <span class='ocrx_word' id='word_1_230' title='bbox 701 2273 751 2306; x_wconf 84' lang='lat' dir='ltr'><strong>esse</strong></span> <span class='ocrx_word' id='word_1_231' title='bbox 764 2267 852 2320; x_wconf 74' lang='lat' dir='ltr'><strong>praeter</strong></span> 
     </span>
     <span class='ocr_line' id='line_1_34' title="bbox 173 2319 851 2383; baseline 0.013 -18"><span class='ocrx_word' id='word_1_232' title='bbox 173 2319 262 2366; x_wconf 73' lang='lat' dir='ltr'><strong>oannem</strong></span> <span class='ocrx_word' id='word_1_233' title='bbox 282 2319 375 2366; x_wconf 81' lang='lat' dir='ltr'><strong>Aoum:</strong></span> <span class='ocrx_word' id='word_1_234' title='bbox 404 2322 422 2368; x_wconf 88' lang='lat' dir='ltr'><strong>is</strong></span> <span class='ocrx_word' id='word_1_235' title='bbox 441 2322 500 2369; x_wconf 83' lang='lat' dir='ltr'><strong>inter</strong></span> <span class='ocrx_word' id='word_1_236' title='bbox 519 2329 616 2376; x_wconf 85' lang='lat' dir='ltr'><strong>montes,</strong></span> <span class='ocrx_word' id='word_1_237' title='bbox 636 2338 732 2383; x_wconf 90' lang='lat' dir='ltr'><strong>quorum</strong></span> <span class='ocrx_word' id='word_1_238' title='bbox 752 2323 851 2374; x_wconf 79' lang='lat' dir='ltr'><strong>alterurn</strong></span> 
     </span>
    </p>
   </div>
   <div class='ocr_carea' id='block_1_3' title="bbox 82 2385 853 2711">
    <p class='ocr_par' dir='ltr' id='par_1_4' title="bbox 82 2385 853 2711">
     <span class='ocr_line' id='line_1_35' title="bbox 171 2385 853 2452; baseline 0.01 -20"><span class='ocrx_word' id='word_1_239' title='bbox 171 2385 300 2446; x_wconf 73' lang='lat' dir='ltr'><strong>A&#39;e&#39;ropum,</strong></span> <span class='ocrx_word' id='word_1_240' title='bbox 317 2385 412 2435; x_wconf 85' lang='lat' dir='ltr'><strong>alterum</strong></span> <span class='ocrx_word' id='word_1_241' title='bbox 423 2386 528 2434; x_wconf 65' lang='lat' dir='ltr'><strong>Annium</strong></span> <span class='ocrx_word' id='word_1_242' title='bbox 543 2387 624 2434; x_wconf 77' lang='lat' dir='ltr'><strong>iucolae</strong></span> <span class='ocrx_word' id='word_1_243' title='bbox 641 2395 731 2443; x_wconf 77' lang='lat' dir='ltr'><strong>vocam,</strong></span> <span class='ocrx_word' id='word_1_244' title='bbox 750 2390 853 2452; x_wconf 71' lang='lat' dir='ltr'><strong>angusti</strong></span> 
     </span>
     <span class='ocr_line' id='line_1_36' title="bbox 172 2447 852 2515; baseline 0.015 -22"><span class='ocrx_word' id='word_1_245' title='bbox 172 2448 231 2494; x_wconf 85' lang='lat' dir='ltr'><strong>valle</strong></span> <span class='ocrx_word' id='word_1_246' title='bbox 243 2447 300 2504; x_wconf 82' lang='lat' dir='ltr'><strong>fluit,</strong></span> <span class='ocrx_word' id='word_1_247' title='bbox 313 2449 355 2496; x_wconf 83' lang='lat' dir='ltr'><strong>iter</strong></span> <span class='ocrx_word' id='word_1_248' title='bbox 366 2452 475 2513; x_wconf 77' lang='lat' dir='ltr'><strong>exiguum</strong></span> <span class='ocrx_word' id='word_1_249' title='bbox 486 2467 553 2514; x_wconf 84' lang='lat' dir='ltr'><strong>super</strong></span> <span class='ocrx_word' id='word_1_250' title='bbox 568 2453 639 2514; x_wconf 86' lang='lat' dir='ltr'><strong>ripam</strong></span> <span class='ocrx_word' id='word_1_251' title='bbox 654 2454 765 2515; x_wconf 72' lang='lat' dir='ltr'><strong>praebens.</strong></span> <span class='ocrx_word' id='word_1_252' title='bbox 800 2457 852 2503; x_wconf 72' lang='lat' dir='ltr'><strong>Aa·</strong></span> 
     </span>
     <span class='ocr_line' id='line_1_37' title="bbox 172 2513 851 2577; baseline 0.019 -20"><span class='ocrx_word' id='word_1_253' title='bbox 172 2514 241 2558; x_wconf 72' lang='lat' dir='ltr'><strong>ndum</strong></span> <span class='ocrx_word' id='word_1_254' title='bbox 261 2513 432 2577; x_wconf 79' lang='lat' dir='ltr'><strong>Athenagoram</strong></span> <span class='ocrx_word' id='word_1_255' title='bbox 455 2532 508 2562; x_wconf 85' lang='lat' dir='ltr'><strong>cum</strong></span> <span class='ocrx_word' id='word_1_256' title='bbox 529 2517 575 2565; x_wconf 84' lang='lat' dir='ltr'><strong>leri</strong></span> <span class='ocrx_word' id='word_1_257' title='bbox 593 2516 707 2566; x_wconf 71' lang='lat' dir='ltr'><strong>umsmrt</strong></span> <span class='ocrx_word' id='word_1_258' title='bbox 723 2526 804 2568; x_wconf 74' lang='lat' dir='ltr'><strong>tenere</strong></span> <span class='ocrx_word' id='word_1_259' title='bbox 821 2537 851 2570; x_wconf 79' lang='lat' dir='ltr'><strong>ae</strong></span> 
     </span>
     <span class='ocr_line' id='line_1_38' title="bbox 82 2578 848 2646; baseline 0.022 -28"><span class='ocrx_word' id='word_1_260' title='bbox 82 2581 89 2592; x_wconf 84' lang='grc'><em>·</em></span> <span class='ocrx_word' id='word_1_261' title='bbox 172 2578 313 2624; x_wconf 87' lang='lat' dir='ltr'><strong>communire</strong></span> <span class='ocrx_word' id='word_1_262' title='bbox 330 2581 413 2641; x_wconf 85' lang='lat' dir='ltr'><strong>jubet;</strong></span> <span class='ocrx_word' id='word_1_263' title='bbox 437 2581 487 2643; x_wconf 82' lang='lat' dir='ltr'><strong>ipse</strong></span> <span class='ocrx_word' id='word_1_264' title='bbox 508 2581 532 2627; x_wconf 91' lang='lat' dir='ltr'><strong>in</strong></span> <span class='ocrx_word' id='word_1_265' title='bbox 551 2581 646 2646; x_wconf 67' lang='lat' dir='ltr'><strong>Adropo</strong></span> <span class='ocrx_word' id='word_1_266' title='bbox 667 2583 743 2645; x_wconf 74' lang='lat' dir='ltr'><strong>pontit</strong></span> <span class='ocrx_word' id='word_1_267' title='bbox 763 2594 848 2635; x_wconf 67' lang='lat' dir='ltr'><strong>castra</strong></span> 
     </span>
     <span class='ocr_line' id='line_1_39' title="bbox 172 2635 852 2711; baseline 0.019 -22"><span class='ocrx_word' id='word_1_268' title='bbox 172 2635 226 2694; x_wconf 72' lang='lat' dir='ltr'><strong>Qui</strong></span> <span class='ocrx_word' id='word_1_269' title='bbox 243 2641 335 2691; x_wconf 71' lang='lat' dir='ltr'><strong>abscisse</strong></span> <span class='ocrx_word' id='word_1_270' title='bbox 351 2659 418 2707; x_wconf 78' lang='lat' dir='ltr'><strong>rupes</strong></span> <span class='ocrx_word' id='word_1_271' title='bbox 434 2653 507 2701; x_wconf 80' lang='lat' dir='ltr'><strong>erant,</strong></span> <span class='ocrx_word' id='word_1_272' title='bbox 525 2648 592 2696; x_wconf 84' lang='lat' dir='ltr'><strong>statio</strong></span> <span class='ocrx_word' id='word_1_273' title='bbox 609 2663 732 2711; x_wconf 61' lang='lat' dir='ltr'><strong>pacorum</strong></span> <span class='ocrx_word' id='word_1_274' title='bbox 748 2661 852 2702; x_wconf 79' lang='lat' dir='ltr'><strong>armato.</strong></span> 
     </span>
    </p>
   </div>
   <div class='ocr_carea' id='block_1_4' title="bbox 0 0 949 2925">
    <p class='ocr_par' dir='ltr' id='par_1_5' title="bbox 0 0 949 2925">
     <span class='ocr_line' id='line_1_40' title="bbox 0 0 949 2925; baseline 0 0"><span class='ocrx_word' id='word_1_275' title='bbox 0 0 949 2925; x_wconf 95' lang='lat' dir='ltr'><strong> </strong></span> 
     </span>
    </p>
   </div>
  </div>
 </body>
</html>
