1867 2925
201 98 232 153 'll
243 97 334 152 len
349 96 403 149 lua,
416 96 517 147 xxxi„
533 97 598 151 Cu.
608 104 651 150 87.
727 106 765 153 37

101 230 163 293 copiis
181 227 264 284 divisis,
285 234 372 291 purtem
391 229 420 277 ud
437 231 600 279 consectandos
619 247 692 295 vegos
716 232 766 281 fru-

103 304 232 343 mentatores
248 295 329 348 emisit,
348 296 400 343 dsto
418 296 491 359 signo,
508 312 538 343 ue
555 312 622 358 quem
638 298 716 346 virum
731 314 769 346 re·

101 360 220 422 linquerent
227 378 236 419 ς
252 375 304 407 curu
315 368 378 421 parte
388 360 435 421 ipse
446 361 551 414 substitit,
569 362 698 424 itineraque,
715 365 767 425 qui·

101 426 137 473 bus
154 426 181 473 sd
200 433 274 473 castra
292 426 403 473 recursuri
421 425 553 473 ridebantur
569 427 653 479 hostes,
670 429 764 475 obeetlit.

99 489 146 539 Jam
157 492 240 553 passim
252 490 325 537 coedes
335 506 361 537 ac
371 489 426 553 fuge
434 497 489 544 eret,
506 490 603 537 necdum
613 492 730 553 quisquam
740 493 766 539 in

98 564 166 603 casua
183 556 289 603 Romanu
308 556 400 601 nuntius
416 555 485 601 cludis
499 563 646 617 perreuemt3
663 558 715 617 quia
730 573 768 604 re·

96 619 204 683 fugientes
218 622 244 666 in
262 621 346 682 regiam
361 620 479 666 sationem
495 620 635 667 incidebant:
653 628 677 667 et
690 622 767 683 plures

97 686 121 734 ab
131 686 283 733 obsidentibus
292 685 348 739 vias,
365 700 432 745 quam
441 686 471 731 ‘ab
480 685 567 731 emissis
577 685 606 733 ad
621 686 713 741 caedcm,
730 688 767 732 iu-

98 751 265 802 terficiebuutur.
300 749 402 797 Tandem
420 750 479 797 iuter
498 748 583 799 mediud
600 751 698 797 boatium
719 759 768 798 sta-

97 816 166 863 tiones
176 816 247 877 elapsi
261 814 350 875 quidum
364 814 450 876 trepidi,
457 826 461 863 ,’
468 815 590 861 tumultum
600 816 680 878 magis,
697 831 765 878 quum

97 888 178 927 certum
191 881 303 932 nuntium,
318 880 440 925 intulerunt
451 880 537 926 cestris.

127 943 266 999 XXXVII.
287 942 381 997 Consul,
398 945 508 1004 equitibus
520 945 599 1005 jussis,
616 942 661 1005 qud
671 946 769 1007 quisque

97 1017 176 1073 posset,
195 1024 261 1071 opem
278 1008 337 1057 ferre
351 1010 506 1063 labormubus,
523 1010 571 1071 ipse
580 1010 682 1073 legiones
692 1026 707 1058 e
716 1027 768 1058 cas·

97 1077 134 1123 tris
152 1075 236 1129 educit,
260 1082 284 1121 et
304 1074 394 1136 agmine
415 1074 523 1134 quadrato
542 1075 570 1121 ad
587 1075 675 1122 bostem
694 1076 764 1123 ducit.

96 1140 200 1203 Dispersi
211 1139 298 1199 equites
306 1154 346 1201 per
354 1154 420 1201 egros
431 1139 521 1199 quidum
532 1138 667 1195 aberrdruut,
679 1140 768 1204 decepti

97 1206 228 1254 clamoribus
239 1204 288 1249 aliis
298 1218 328 1251 ex
335 1204 378 1251 alio
386 1204 544 1251 exsistentibus
551 1205 615 1251 loco:
628 1220 680 1267 pars
688 1208 768 1254 obvios

96 1271 220 1322 babuerunt
229 1270 316 1315 hostes
344 1267 447 1315 Pluribus
458 1268 514 1315 locis
525 1269 591 1315 simul
600 1285 677 1331 pugna
687 1272 764 1332 coepit.

96 1334 169 1397 Regia
188 1335 256 1381 statio
270 1333 431 1384 atrocissimum
446 1334 551 1395 proelium
565 1334 655 1382 edebat:
674 1350 727 1382 uam
742 1343 767 1382 et

94 1398 141 1462 ipsi
148 1398 293 1447 multitudiue
303 1398 402 1459 equitum
410 1398 553 1459 peditumque
563 1400 698 1462 propejusta
707 1400 769 1447 ecies

96 1473 156 1523 eret;
173 1473 198 1512 et
214 1464 378 1518 Romanorum,
396 1465 448 1524 quia
466 1464 565 1511 medium
582 1465 697 1512 obsederat
714 1466 767 1521 iter,

95 1531 184 1591 plurimi
198 1531 223 1574 in
238 1544 288 1576 eam
301 1528 457 1576 inferebantur.
493 1529 532 1576 Eo
541 1545 631 1590 quoque
643 1532 768 1592 superiores

95 1595 236 1642 Macedones
244 1601 314 1648 eruut,
326 1593 387 1654 quod
397 1601 420 1640 et
431 1609 471 1643 rex
481 1595 528 1656 ipse
538 1596 638 1641 hortator
649 1595 731 1650 aderet,
743 1603 768 1642 et

96 1658 241 1710 Cretensium
258 1659 374 1706 auxiliares
388 1659 472 1706 multos
485 1674 515 1706 ex
528 1659 649 1721 improviso
663 1661 769 1708 vulnera-

95 1725 154 1780 tant,
176 1723 273 1772 conferti
290 1724 452 1786 praeparatique
470 1725 494 1768 iu
513 1724 624 1786 dispersos
642 1732 666 1771 et
683 1725 772 1782 effusos

94 1797 231 1854 purgantes·
268 1789 336 1844 Quod
351 1789 370 1834 si
384 1789 476 1834 modum
491 1789 514 1834 in
528 1789 666 1850 insequendo
678 1790 769 1836 habuis·

94 1865 151 1910 scunt,
170 1871 219 1903 non
228 1855 253 1900 in
263 1854 381 1916 proesentis
391 1853 458 1900 modu
469 1855 595 1901 certaminis
608 1855 711 1916 gloriam,
728 1855 770 1903 sed

29 1937 30 1950 ³
93 1921 116 1968 iu
129 1935 246 1968 summum
259 1919 326 1966 etium
340 1918 399 1972 belli,
413 1917 538 1979 profectum
549 1919 620 1965 foret:
640 1934 707 1974 nuuc,
720 1920 768 1967 ari-

94 1986 164 2032 ditate
182 1984 252 2030 caedis
270 1984 453 2045 intemperantius
472 1984 574 2036 insecuti,
591 1984 614 2029 iu
631 1999 769 2047 praegressas

94 2065 145 2098 eum
160 2049 257 2099 tribunis
268 2048 364 2096 militum
375 2049 479 2095 cohortes
489 2048 605 2094 Romanas
614 2048 725 2098 incidere:
744 2055 769 2095 et

93 2113 186 2177 fugiens
196 2129 273 2174 eques,
286 2121 311 2160 ut
321 2113 393 2174 primo
404 2113 471 2174 signe
480 2129 571 2160 suorum
582 2114 644 2166 vidit,
657 2115 769 2161 convertit
804 2131 809 2147 ¹

94 2180 116 2225 iu
129 2177 232 2230 effusum
248 2179 337 2226 hostem
355 2193 439 2238 equos3
456 2193 564 2238 versaque
577 2186 693 2224 momento
710 2187 769 2224 tem-

94 2246 154 2307 poris
172 2244 264 2290 fortuna
278 2257 362 2304 pugnae
379 2249 420 2296 est,
438 2251 503 2304 terga
518 2243 627 2296 danubius,
646 2243 684 2304 qui
701 2242 770 2288 modo

93 2311 167 2358 secuti
183 2316 254 2355 eraut
290 2307 361 2355 Multi
375 2307 501 2370 comminus
517 2308 640 2369 congressi,
657 2307 723 2354 multi
733 2307 770 2354 fu·

92 2376 192 2436 gientes,
210 2371 335 2430 interfecti:
354 2387 397 2421 nec
407 2371 466 2418 ferro
477 2380 565 2419 tantum
578 2369 671 2433 peridre,
689 2371 770 2418 sedin

93 2441 189 2501 paludes
208 2439 297 2499 quidem
317 2437 419 2498 conjecti,
442 2436 553 2498 profundo
572 2437 627 2482 limo
645 2450 697 2480 cum
716 2436 770 2497 ipsis

92 2506 157 2566 equis
166 2503 243 2551 hausti
254 2511 312 2549 suut.
340 2501 394 2548 Rex
404 2517 493 2562 quoquc
500 2502 524 2546 iu
531 2499 631 2562 periculo
639 2497 696 2545 fuit:
709 2515 771 2551 nsrn,

29 2599 30 2602 =
93 2577 177 2618 niente
194 2568 271 2616 saucio
285 2583 351 2628 equo,
368 2581 469 2628 praeoeps
483 2566 512 2611 sd
525 2573 608 2611 terram
623 2561 695 2614 datus,
712 2562 772 2608 bsud

94 2637 194 2692 multum
206 2632 284 2696 abfuit,
296 2633 350 2692 quin
358 2633 437 2699 jacens
446 2630 615 2692 opprimeretur.
651 2625 722 2672 Saluti
729 2625 773 2686 fuit

125 2715 184 2748 vor,-
198 2714 232 2746 ιν.
