1867 2925
104 240 107 252 y
205 175 340 233 n'mvn
356 182 410 232 Lm
424 182 526 234 xxxl.
545 183 659 237 cmi.
736 190 768 237 41

91 322 121 369 et,
142 316 256 379 carpendo
275 324 415 378 postrenum
434 332 524 379 agmen
545 317 661 380 segniores
679 333 720 366 eos
738 320 768 367 ad

90 383 213 429 movendos
229 382 298 428 domo
313 383 425 429 exercitus
440 382 534 429 efficere.
569 382 662 430 AEtolos
676 383 767 432 Damo-

89 445 156 493 critus
167 448 261 509 praeto‘r,
279 448 319 508 qui
332 462 404 494 morse
418 447 447 494 ad
462 447 626 495 decernendum
639 449 722 497 bellum
737 450 767 497 ad

87 509 232 573 Naupactum
249 520 329 559 auctor
342 512 423 565 iuerat,
440 512 499 559 idem
513 513 618 575 proximo
631 514 726 561 concilio
737 515 766 563 ad

86 590 146 623 arma
156 578 295 629 conciverat,
308 584 360 639 port
366 576 449 624 famam
457 577 568 638 equestris
575 578 604 624 ad
611 577 763 640 Octolophum

83 657 174 704 pugnae,
185 642 393 703 Dardanommque
399 648 423 688 et
430 641 529 689 Pleurati
536 656 588 689 cum
598 641 682 703 Illyriis
689 650 764 691 trans·

85 706 140 753 itum
158 709 183 754 in
203 707 372 760 Macedoniam,
398 706 426 755 ad
440 707 490 753 haec
504 707 582 754 classis
595 706 709 755 Romanas
723 708 764 755 nd·

83 779 176 819 ventum
192 772 217 817 in
234 772 329 825 Oreum,
347 779 377 825 et,
395 786 461 833 super
476 771 621 819 circumfusas
635 780 670 820 tot
680 772 762 821 Mane·

83 836 156 884 doniae
178 844 271 899 gentes,
294 837 427 884 maritimam
449 852 539 897 quoque
559 838 680 885 instantem
701 840 762 886 ohsi-

82 901 182 949 dionem

114 966 186 1014 XLI.
209 965 258 1013 Hae
276 981 350 1013 causae
367 964 527 1013 Damocritum
543 966 682 1028 AEtoloaque
695 968 761 1015 reati-

81 1038 171 1079 tuerant
184 1032 312 1078 Romanis:
331 1038 361 1084 et,
380 1031 530 1092 Amynandro
540 1047 595 1094 rege
605 1032 760 1079 Athamanum

81 1096 196 1160 adjuncto,
214 1096 309 1158 profecti
330 1095 459 1144 Cercinium
476 1092 589 1143 oboedire.
625 1095 759 1146 clauseram

80 1169 163 1223 portas,
183 1162 297 1207 incertum
308 1162 331 1206 vi
346 1176 374 1207 an
390 1162 512 1214 voluntate,
530 1162 582 1222 quia
592 1162 680 1225 regium
691 1162 759 1209 hahe-

80 1228 131 1273 hant
143 1226 284 1289 praesidium.
321 1224 437 1274 Caeterum
447 1227 507 1272 intra
516 1241 599 1288 paucos
609 1225 657 1273 dies
667 1234 758 1289 captum

79 1300 113 1338 eat
131 1290 275 1344 Cercinium,
293 1298 360 1351 atque
373 1290 503 1337 incensum:
523 1292 562 1351 qui
577 1290 731 1352 superfuerant
745 1307 760 1339 e

17 1382 18 1385 =
81 1354 163 1419 nisgrui
179 1356 252 1409 clade,
270 1355 332 1401 liberi
347 1356 456 1416 servique,
474 1356 533 1401 inter
543 1363 647 1402 oaeteram
658 1356 758 1417 praedam

79 1422 176 1470 abducti.
216 1418 242 1467 Is
256 1420 324 1467 timor
339 1435 425 1475 omnes,
442 1421 481 1482 qui
496 1420 658 1468 circumcolunt
668 1420 758 1469 Boeben

80 1487 194 1548 paludem,
204 1486 289 1532 relictis
296 1487 392 1539 urbinus,
402 1494 491 1533 montes
499 1487 663 1548 migirpetere
674 1485 756 1541 AEtoli,

80 1550 156 1614 inopini
163 1551 249 1614 praedae
258 1551 309 1598 inde
319 1552 399 1604 aversi,
410 1552 434 1596 in
446 1550 596 1598 Perrhaebiam
607 1551 640 1598 ire
650 1559 755 1614 pergunt.

80 1615 188 1679 Cyretias
200 1616 230 1662 ibi
242 1616 264 1661 vi
276 1616 372 1678 capiunt,
389 1615 493 1677 ioedeque
504 1616 621 1678 diripiunt:
641 1616 680 1676 qui
694 1615 758 1663 Mal·

79 1681 149 1729 ioeam
159 1681 270 1734 incolunt,
280 1681 397 1728 voluntate
406 1681 429 1726 in
438 1681 573 1728 deditionem
583 1681 758 1742 societatemque

79 1748 174 1810 accepti.
195 1746 235 1793 Ex
244 1743 372 1792 Perrhaebit
383 1747 503 1808 Gomphos
510 1747 600 1808 petendi
608 1746 758 1807 Amynander

79 1821 160 1859 auctor
174 1818 237 1858 erat:
257 1818 279 1858 et
294 1811 396 1857 imminet
406 1812 543 1858 Athamania
557 1811 609 1859 huic
619 1812 675 1865 urhi,
693 1811 757 1857 vide·

78 1878 190 1939 baturque
216 1875 340 1938 expugnari
361 1877 409 1922 sine
430 1891 515 1938 magno
536 1876 658 1923 certamine
678 1890 754 1937 posse.

18 1981 19 1986 ,
79 1941 155 1990 AEtoli
170 1957 262 2002 campos
273 1940 397 1988 Thessaliae
410 1941 497 2003 opimos
507 1941 644 2002 adpraedam
654 1937 753 2002 petidre·

79 2015 195 2070 sequente¹
214 2021 349 2067 quamquam
360 2021 406 2052 non
416 2007 532 2068 probante,
543 2005 700 2067 Amynandro,
713 2019 756 2052 nec

78 2072 163 2120 effusas
179 2071 335 2134 populationes
346 2070 485 2124 AEtolorum,
503 2086 545 2118 nec
555 2078 635 2124 castra,
653 2085 699 2131 quo
708 2069 757 2118 t'ora

80 2138 169 2185 miisset
183 2138 242 2190 loeo,
262 2137 310 2184 siue
324 2137 371 2182 ullo
385 2136 514 2182 discrimine
527 2151 553 2182 ac
568 2133 622 2182 curi
631 2135 755 2190 muniendi,

79 2204 159 2264 posita
196 2200 283 2263 Itaque,
302 2216 331 2248 ne
349 2201 462 2248 temeritas
479 2216 557 2247 eonon
574 2200 757 2263 negligentiaque

80 2269 121 2314 sihi
139 2283 166 2314 sc
185 2267 233 2314 suis
251 2267 319 2312 etiam
336 2265 404 2313 cladis
421 2267 515 2329 aiiquus
533 2281 601 2312 causa
618 2272 684 2317 esset,
702 2277 755 2310 cum

80 2333 241 2451 ffireffidpg
255 2331 634 2458 iissssiliiffiussriii
648 2328 755 2455 mm

80 2463 131 2511 inde
141 2462 255 2510 tumulum
271 2462 324 2514 stris,
342 2461 443 2522 quamvis
456 2461 503 2507 levi
517 2460 658 2506 munimento
671 2465 755 2510 tutam,

81 2530 146 2592 oepit.
183 2527 245 2577 Cum
257 2526 337 2580 AEtoli,
352 2527 396 2572 nisi
406 2525 468 2586 quod
477 2525 646 2587 populabantur,
659 2521 698 2566 vix
709 2535 758 2566 ¹¹¹⁶

18 2585 21 2596 ¹
82 2595 173 2641 minicae
187 2593 324 2645 viderentur,
343 2607 367 2638 ne
377 2592 401 2636 in
410 2590 512 2637 hostium
523 2602 579 2648 agro
590 2598 653 2639 ἐπεὶ
670 2584 707 2628 ulli
717 2597 758 2643 ph·

83 2659 118 2706 lati
138 2659 270 2707 semiermes
288 2663 433 2719 vagarentur,
450 2653 489 2700 alii
506 2652 530 2697 in
549 2646 628 2694 ωῒῐὶῦ
647 2647 696 2692 line
714 2653 760 2690 Μ’

84 2726 179 2774 aeonio
193 2739 235 2787 per
250 2735 356 2770 somnum
370 2715 557 2822 vinumquedge·
571 2709 674 2757 1¹th
684 2720 760 2765 ssim?

486 2793 501 2825 a

813 2689 919 2892 Ι
