1867 2925
215 114 665 173 T.L1v11msxxx11.cn.4.
746 131 779 175 ss

95 250 218 301 cedonhm
234 270 287 301 cum
303 253 410 309 vestisset.
429 262 496 302 atrox
516 254 596 303 seditio
611 253 715 311 militum,
729 260 778 320 jam

97 327 153 366 ante
163 321 257 375 irritata,
270 330 312 367 nce
323 322 377 367 satis
386 322 408 366 in
417 321 526 382 principio
534 325 775 386 comprems‘excepit.

97 382 157 431 Duo
167 386 239 432 miliia
249 400 277 432 ea
287 386 382 431 miiitum
393 382 463 438 suere,
480 387 519 447 qui
533 401 562 431 ex
575 385 661 440 Africi,
676 394 728 449 post
739 389 779 435 de·

96 450 186 497 victum
202 450 364 505 Hannibalem,
379 452 402 497 in
417 451 522 504 Siciliam,
535 451 587 498 inde
600 466 659 496 anno
669 451 717 499 sere
726 460 779 515 post

96 515 121 560 in
132 515 297 561 Macedoniam
305 532 346 579 pro
356 516 488 563 voluntariis
496 516 640 578 tiansportuti
648 524 719 563 erant.
749 517 778 564 Id

94 580 219 627 voluntate
229 580 314 627 factum
322 583 434 644 negabunt
444 598 449 627 :
469 589 486 610 ⁴⁴
497 582 537 628 Ab
547 581 641 627 tribunis
649 590 778 629 recusantes

96 646 121 691 in
130 660 202 693 naves
211 647 344 707 impositos:
365 647 404 693 sed
414 654 543 708 utcumque,
562 662 603 692 seu
620 647 720 709 injuncta
738 664 778 694 seu

97 720 205 773 suscepta
220 710 282 758 foret
300 712 384 765 militia,
404 721 427 758 et
442 727 492 758 eam
509 713 649 764 exhaustum,
668 718 692 758 et
707 711 777 759 finem

97 776 198 836 aliquem
212 776 326 823 militandi
344 775 390 823 fieri
408 792 498 837 aeqnnm
517 792 574 823 esse.
615 776 698 823 Multis
711 778 778 824 annis

97 856 149 888 sese
161 839 253 888 Italiam
265 856 311 887 non
328 841 425 889 vidisse:
444 842 589 889 consenuisse
606 842 648 887 suh
665 844 733 889 armis
752 844 776 889 in

99 905 184 959 sicilie,
198 906 285 960 Affics,
298 904 440 953 Macedoniis.
469 905 650 968 Coniectosjsm
661 908 775 961 selahore‚

94 986 175 1032 opere,
185 986 314 1033 exsangues
325 980 360 1018 tot
368 972 464 1034 acceptis
471 972 601 1019 vulneribus
609 970 685 1017 esse.”
712 970 777 1019 Con·

98 1036 141 1089 sul,
162 1044 178 1065 ‘⁶
189 1052 281 1083 causam
300 1037 439 1098 postulandae
463 1037 576 1083 missionis
595 1037 737 1097 prohabilem,
757 1038 776 1083 si

98 1100 203 1147 modeste
220 1108 341 1162 peteretur,
359 1100 455 1154 videri,’'
473 1101 544 1148 dixit:
569 1100 716 1148 “seditionis
734 1116 776 1149 nec

98 1181 157 1219 enm,
168 1182 210 1213 neo
222 1166 290 1212 ullam
302 1167 367 1213 aliam
380 1167 524 1231 satisJustsm
534 1182 624 1213 caumm
635 1182 693 1214 esse.
727 1166 777 1214 Ita·
798 1188 801 1193 ·

95 1246 142 1291 que
155 1232 174 1277 si
185 1246 278 1277 manere
288 1231 317 1278 ad
328 1233 398 1294 signs,
411 1239 434 1278 et
450 1233 511 1278 dicto
528 1247 606 1293 parere
620 1232 699 1285 velint,
712 1248 737 1278 se
747 1233 776 1279 de

98 1297 208 1343 missione
222 1312 300 1343 eorum
318 1297 347 1343 sd
363 1304 465 1343 senatum
483 1298 624 1359 scripturum.
660 1294 777 1344 Modestii

98 1360 186 1407 facilius
197 1376 265 1421 quam
276 1360 403 1423 pertinacii,
416 1362 476 1423 quod
483 1362 561 1415 veiint
573 1359 759 1423 impetraturos.”

132 1425 184 1472 lv.
198 1426 342 1474 Thaumacos
356 1442 386 1474 eo
401 1434 503 1489 tempore
514 1426 632 1490 Philippus
648 1424 737 1473 summi
749 1426 774 1473 vi

98 1493 245 1554 oppugnabat
253 1494 372 1554 aggeribus
378 1493 509 1554 vineisque;
520 1494 597 1555 etjam
606 1493 697 1539 αῐίεῖεω
703 1492 785 1538 muris.

96 1558 232 1604 admoturus
243 1565 306 1604 erut:
326 1566 433 1604 caeterum
443 1559 533 1620 incepto
544 1558 651 1605 absistere
661 1573 713 1604 eum
720 1557 775 1604 co'e'-

97 1623 132 1686 git
143 1623 232 1669 subitus
243 1623 373 1670 AEtolomm
385 1623 502 1677 adventus,
514 1624 559 1682 qui,
571 1623 708 1670 Archidamo
716 1623 775 1669 duce

98 1688 157 1734 inter
178 1688 290 1734 custodias
301 1688 455 1736 Macedonum
465 1688 550 1735 moenia
560 1689 664 1749 ingressi,
679 1702 721 1734 nec
736 1687 773 1734 die

98 1767 140 1799 nec
153 1760 221 1799 nocte
233 1752 299 1800 finem
310 1753 380 1800 ullum
392 1753 530 1815 erumpendi,
547 1767 608 1800 nunc
621 1754 645 1799 in
656 1753 772 1805 stationes,

97 1819 195 1864 nuncin
213 1833 281 1880 opera
295 1818 456 1872 Macedonum,
474 1818 597 1865 faciehant:
616 1827 640 1864 et
656 1818 774 1879 adjuvabat

98 1899 137 1930 eos
146 1892 228 1930 natura
237 1884 286 1946 ipsa
295 1884 353 1930 loci:
372 1898 470 1945 namque
475 1882 599 1930 Thaaumaci
610 1899 625 1929 n
634 1882 699 1944 Pylis
709 1883 774 1929 sinu·

96 1965 142 2010 que
158 1948 258 1995 Maliaco
275 1963 315 2010 per
331 1948 435 1996 Lamiam
451 1950 515 1995 eunti
528 1950 579 1996 loco
594 1949 639 1994 alto
657 1947 693 1994 siti
711 1953 773 2000 sunt.

97 2015 152 2076 ipsis
162 2013 264 2061 saucibus
274 2014 423 2066 imminentes,
437 2029 494 2074 quas
503 2012 571 2062 coeh
581 2019 678 2060 vocant:
698 2011 775 2059 'ihes-

99 2080 203 2139 saliaeqne
225 2080 349 2126 transeunti
372 2079 508 2140 cosdragosa
530 2079 581 2125 loco
605 2079 774 2140 implicata-sque

98 2145 193 2192 flentibus
203 2145 296 2191 vallium
309 2145 364 2197 vias,
378 2145 415 2190 uhi
427 2151 522 2190 ventum
534 2145 561 2190 ed
572 2144 630 2190 hanc
641 2146 718 2190 urban
729 2149 772 2195 est,

100 2217 197 2273 repente,
212 2211 276 2257 velut
293 2211 361 2256 maris
371 2210 435 2263 vasti,
449 2210 481 2255 sic
491 2209 602 2256 inimeusn
611 2209 715 2270 panditur
724 2206 774 2268 pls*

100 2276 172 2328 nities,
191 2281 218 2320 ut
240 2276 353 2338 subjectos
373 2289 464 2337 campos
483 2274 604 2322 tennione
622 2273 694 2319 oculis
712 2269 773 2316 haud

99 2340 164 2388 facile
174 2355 250 2400 queas
286 2341 370 2386 Abeo
383 2340 492 2386 miraculo
509 2338 637 2385 'l'hanmaei
650 2335 770 2398 appellati:

98 2421 142 2453 neo
152 2406 269 2452 altitudine
280 2406 353 2452 solnm
370 2412 418 2451 tuta
435 2405 496 2457 urbs,
515 2404 554 2451 sod
570 2402 637 2463 quod,
657 2415 712 2446 saxo
729 2413 773 2445 un-

99 2472 165 2533 dique
179 2471 279 2524 absciso,
301 2471 391 2532 rupibus
407 2470 514 2531 imposita
530 2476 573 2520 est,
613 2465 662 2512 Hae
678 2464 774 2538 difficul-

101 2544 164 2591 tates,
176 2546 199 2584 et
210 2536 271 2598 quod
286 2536 346 2582 hand
356 2535 412 2582 satis
421 2535 516 2595 dignum
526 2530 584 2578 tanti
594 2530 676 2575 laboris
685 2541 774 2589 pencu-

100 2603 159 2664 lique
174 2603 275 2664 pretium·
288 2609 351 2655 eratr
364 2607 391 2646 ut
406 2599 525 2646 absisteret
542 2597 634 2653 incepto
648 2591 773 2664 Phiiippus,

102 2667 235 2718 &coetuum
262 2667 340 2722 hiemsv
352 2679 445 2728 quoqne
458 2664 510 2724 Jom
526 2657 633 2712 insidiato
651 2667 704 2703 111111
721 2652 775 2699 1111111

803 2718 923 2878 Ω
