1867 2925
148 118 203 193 m
245 134 275 183 n.
289 130 378 181 mvn
394 128 447 179 nn
461 120 584 177 xxxvi
604 98 664 175 συὶ
679 113 719 171 24¹.

150 280 238 330 tempus
247 279 344 317 menum
354 261 496 309 dbnioatione
509 264 568 307 esset
578 256 684 305 adversus
699 258 799 316 quatuor
811 261 827 300 'e

151 333 249 397 portibus
257 330 324 377 simui
332 333 498 390 oppugnantem
506 326 600 376 hostem,
610 328 735 367 nocturnus
744 318 827 365 diumo

151 398 295 446 continuatus
312 394 374 440 labor
393 399 434 438 est
470 389 530 438 Cum
548 387 654 449 fatigtrtos
665 386 714 447 jam
731 380 827 429 AEtolos

153 463 221 510 sciret
228 460 307 508 consul
314 466 337 505 et
347 472 376 503 ex
387 457 472 503 ratione
482 454 596 515 temporis,
606 458 629 497 et
639 449 700 511 quod
708 448 742 494 ita
751 453 828 493 trans-

152 527 216 590 nge
230 525 375 574 affirmabant,
392 520 437 567 tale
446 519 563 567 eonsilium
574 517 643 562 iniit·
665 510 746 560 Medid
761 518 831 557 noete

147 591 253 653 ¹meptui
262 590 350 651 signum
359 586 426 637 dedit,
434 592 456 631 et
465 584 493 629 ab
501 581 665 645 oppugnatione
674 576 741 623 simul
750 588 831 623 omna

156 658 239 705 milites
249 654 356 700 deductos
366 665 437 710 usque
448 648 477 694 ad
487 648 575 694 tertiam
590 646 632 691 diei
646 646 725 690 horem
742 641 831 702 quietos

157 724 182 769 in
196 719 274 767 eastris
284 718 370 763 tenuit:
388 714 440 760 inde
454 720 529 775 coepta
543 709 679 773 oppugnatio
693 707 722 753 ad
733 704 833 752 mediam

158 799 235 832 rursus
246 789 334 828 noctem
345 778 451 841 perducta
461 784 509 825 est:
529 775 655 821 intermissa
669 771 751 817 deinde
761 783 834 831 usque

152 849 187 897 ad
204 848 293 895 tertiam
313 845 355 891 diei
375 846 459 889 boram.
485 840 660 902 .Fatigationem
680 835 721 883 rati
741 848 832 881 eausam

158 930 209 961 osse
223 911 297 959 AEtoli
311 924 357 956 non
373 906 529 955 continuandae
545 902 723 966 oppugnationis,
743 914 796 959 quae
811 904 835 945 et

160 982 221 1042 ipsos
235 976 344 1027 affoeerat,
362 974 399 1019 ubi
410 972 520 1019 Romanis
536 970 612 1015 datum
627 965 726 1028 receptui
742 965 834 1025 signum

160 1050 228 1096 esset,
246 1040 308 1087 velut
317 1039 360 1099 ipsi
370 1052 459 1097 quoque
468 1037 512 1081 hoe
528 1034 634 1085 revocati,
652 1046 693 1093 pro
705 1029 836 1089 aequisque

161 1123 192 1155 ex
205 1104 337 1152 stationibus
352 1102 498 1148 decedebant:
518 1114 560 1145 nec
574 1104 626 1143 ante
638 1096 727 1141 tertiam
739 1092 784 1140 diei
794 1094 835 1139 bo-

163 1186 210 1218 ram
219 1168 296 1217 armati
306 1168 331 1212 in
343 1166 412 1211 muris
422 1164 563 1227 apparebant.
635 1192 638 1196 -
767 1174 770 1179 ·

156 1256 162 1265 ·
195 1232 294 1281 xxw.
318 1230 412 1284 Consul,
433 1244 484 1276 oum
503 1236 571 1275 nocte
589 1222 661 1273 medii
679 1224 838 1271 intermisisset

164 1295 360 1364 oppugnationem,
370 1292 448 1356 quurtd
456 1290 532 1355 vigilii
540 1306 616 1338 rursus
624 1292 651 1336 ab
658 1290 729 1335 tribus
737 1288 837 1351 partibus

165 1362 254 1413 summi
268 1364 291 1409 vi
301 1374 429 1424 aggressus,
447 1360 474 1404 ab
485 1356 529 1404 uni
539 1356 576 1403 Ti.
592 1356 749 1417 Sempronium
761 1361 839 1400 tenere

65 1475 69 1482 .
165 1432 265 1480 intentos
277 1427 360 1474 milites
376 1426 509 1487 signumque
519 1428 671 1484 exspectantes
678 1419 755 1481 jussit,
772 1418 803 1466 ad
813 1432 840 1465 es

166 1498 191 1543 in
205 1501 316 1542 nocturno
326 1491 430 1543 tumultu,
449 1488 508 1535 unde
519 1488 602 1534 elamor
613 1483 762 1538 exaudiretur,
780 1483 840 1530 haud

167 1561 233 1606 dubie
249 1565 310 1604 ratus
324 1558 400 1602 hostes
416 1567 575 1600 concursuros:
604 1549 685 1602 'AEtoli
703 1563 755 1611 pars
774 1547 840 1608 sopiti

168 1623 247 1671 affecta
256 1622 331 1668 labore
341 1635 367 1667 ae
381 1619 463 1680 vigitiis
475 1631 567 1678 corporo
580 1631 609 1662 ex
624 1629 703 1660 somno
717 1613 841 1660 molieban-

169 1696 222 1745 tur3
237 1700 288 1748 pars
302 1685 421 1745 vigilantes
436 1683 507 1729 adbuc
522 1682 550 1727 ad
563 1681 678 1742 strepitum
689 1678 842 1740 pugnantium

169 1754 194 1800 in
204 1749 300 1798 tenebris
310 1755 409 1794 eurmnt
429 1747 517 1793 Hostes
525 1745 605 1808 partim
615 1759 655 1806 per
666 1743 843 1804 ruinasjaeentis

170 1817 230 1864 muri
244 1813 400 1862 transcendere
414 1817 535 1857 conantur:
554 1810 635 1871 partim
646 1808 711 1854 soatio
721 1808 844 1854 adscensus
915 1847 916 1862 ,

171 1887 271 1928 tentant:
291 1879 397 1926 adsersus
413 1873 583 1936 quos'undique
601 1875 629 1920 ad
646 1887 710 1934 opern
727 1871 844 1920 ferendm
915 1905 916 1908 ,

172 1942 388 1993 oemunt-libet
424 1939 481 1988 Pars
499 1954 549 1992 una,
566 1939 590 1985 in
607 1935 654 2002 quit¹
670 1937 764 1984 aedificia
781 1943 846 1984 extre

173 2010 250 2057 urbem
268 2015 338 2061 erant,
356 2021 428 2066 neque
442 2004 577 2057 defenditur,
595 2018 667 2063 neque
684 2009 842 2064 oppugnaturi

174 2073 220 2125 sed,
238 2073 276 2132 qui
293 2077 455 2133 oppugnarent,
472 2069 552 2114 intenti
567 2068 656 2130 signum
671 2068 845 2128 exspectabant3

175 2135 278 2186 defensor
288 2151 355 2182 nemo
366 2135 447 2182 aderat·
466 2132 518 2182 Jam
530 2133 682 2195 dilupeseebat,
693 2146 743 2178 oum
754 2133 845 2194 signum

176 2202 255 2250 eousnl
264 2201 338 2256 dedit3
356 2208 379 2246 et
390 2201 438 2245 sine
448 2199 494 2244 ullo
505 2199 625 2245 certamine
636 2197 715 2258 partim
726 2211 767 2257 per
778 2197 846 2243 serni.

175 2275 233 2320 ruta,
242 2266 322 2329 partim
331 2265 394 2311 aeolis
403 2265 504 2324 integros
511 2277 588 2308 muros
596 2257 758 2308 transcendite.
774 2261 847 2310 simui

177 2333 268 2383 elamor,
289 2330 357 2376 index
376 2329 433 2389 eapti
452 2327 532 2390 oppidi,
554 2335 589 2374 est
607 2326 730 2379 exauditus,
748 2325 847 2388 undique

172 2394 258 2447 moli,
275 2394 368 2440 desertis
383 2393 520 2446 stationibus,
538 2392 561 2436 iu
577 2405 648 2438 arcem
664 2389 762 2451 fugiunt.
798 2391 846 2454 Op-

175 2457 254 2515 pidum
264 2458 360 2504 victores
373 2456 483 2518 permissu
496 2457 594 2502 consulis
608 2455 725 2516 diripiuut3
743 2469 790 2502 non
800 2461 846 2502 tarn

47 2541 58 2558 t
152 2516 418 2583 ,abirdnoenb'odin
436 2521 627 2580 qnamutmiles,
645 2519 754 2566 eoirettuo
771 2520 795 2566 in
812 2526 848 2566 tot
915 2553 916 2562 ,

170 2583 273 2640 mittis
283 2591 433 2646 est-potestate
442 2583 540 2630 bostium
555 2585 650 2636 urbibus,
661 2583 741 2644 »aliquo
756 2585 846 2631 tandem

174 2641 231 2688 ’¹0⁰0
247 2643 345 2695 fructum
363 2647 465 2696 viotonae
483 2648 582 2696 sentiret.
616 2648 745 2696 Revoostos
757 2649 847 2697 vindos
